1780 3038
115 298 201 336 eos
228 279 539 352 propulsasse
560 277 805 333 haeresim
829 281 891 332 ab
931 280 1183 350 Honorio,
1213 295 1490 349 numquam
1518 297 1629 332 au--

112 368 217 411 tem
258 374 482 426 negasse,
525 357 740 426 primam
779 357 952 410 saltem
993 358 1053 410 ad
1094 358 1326 427 Sergium
1355 356 1618 427 epistolam

114 436 178 487 ab
219 452 278 487 eo
322 435 466 486 fuisse
505 435 738 504 scriptam
769 430 862 507 (1).

120 530 122 532 ·
191 511 254 563 Et
287 510 458 580 ‘quoad
498 527 603 577 eos,
645 511 728 580 qui
771 517 887 563 ante
927 510 1208 564 Concilium
1251 509 1337 562 Vl.
1399 508 1618 579 vixere,

111 586 452 640 nominandus
493 587 658 656 primo
699 587 810 640 loco
864 598 936 641 est
975 588 1190 640 Ioannes
1231 586 1313 639 ille
1353 585 1441 638 IV.
1474 623 1491 652 ,
1533 587 1620 655 qui

114 681 256 717 suam
298 663 585 734 apologiam
615 681 705 734 pro
733 665 962 717 Honorio
1006 665 1066 717 ad
1106 664 1489 717 Constantinum
1511 663 1623 714 Im·-

115 746 402 811 pera'torem
441 739 661 794 Heraclii
705 741 864 793 filium
908 741 1060 804 misit,
1105 742 1155 793 in
1196 758 1315 811 qua,
1359 751 1622 810 postquam

109 827 412 886 conquestus
452 817 599 871 suerit
638 818 698 870 de
728 817 1197 883 Monothelitarum,
1238 828 1287 871 et
1329 816 1623 887 praesertim

110 892 281 945 Pirrhi
322 892 504 964 Cptani
568 894 778 964 fraude,
820 894 903 964 qui
964 895 1296 965 undequaque
1349 892 1399 944 in
1443 892 1626 962 vulgus

113 986 350 1040 spargere
391 971 644 1024 nitebatur
675 1008 691 1037 ,
732 971 795 1024 ab
836 971 1064 1025 Honorio
1107 989 1260 1024 unam
1310 969 1624 1023 voluntatem

109 1047 427 1117 propugnari
473 1047 521 1099 in
563 1047 931 1118 dispensatione
990 1047 1357 1101 Incarnationis
1413 1045 1625 1102 Domini

109 1123 279 1176 ¹Nostri
320 1123 430 1177 Iesu
469 1123 677 1191 C‘hristi3
702 1135 894 1178 tantum
920 1125 1057 1179 abest
1096 1135 1150 1176 ut
1193 1133 1338 1193 neget
1380 1123 1520 1176 illam
1562 1122 1626 1175 ad

108 1200 346 1269 Sergium
387 1199 692 1270 epistolam,
736 1202 784 1253 in
826 1218 923 1271 qua
966 1202 1296 1255 accusationis
1337 1211 1488 1270 caput
1526 1197 1626 1252 ha-

109 1277 344 1343 bebatur,
385 1277 625 1348 scriptam
665 1278 727 1330 ab
767 1278 998 1332 Honorio
1040 1279 1207 1344 fuisse,
1251 1287 1303 1330 ut
1335 1275 1433 1330 hoe
1474 1293 1627 1348 pror-

105 1370 193 1407 sus
222 1353 375 1407 veluti
418 1371 471 1407 re
513 1354 741 1421 indubia,
771 1371 1005 1409 concesso
1037 1392 1053 1422 ,
1095 1373 1211 1409 eum
1235 1353 1501 1407 defendere
1530 1370 1628 1423 ag-

105 1430 371 1500 grediatur
394 1465 411 1496 ‚
454 1441 675 1484 mentem
713 1441 764 1485 et
803 1433 1102 1485 sententiam
1131 1433 1236 1485 eius
1274 1430 1577 1501 exponendo
1609 1466 1627 1496 ,

106 1517 221 1560 tum
260 1525 322 1560 ex
364 1507 433 1560 rei
477 1519 653 1561 natura
697 1508 961 1562 intrinseca
988 1546 1009 1578 9
1048 1520 1154 1562 tum
1204 1509 1500 1562 auctoritate
1540 1507 1629 1561 Io-

103 1584 260 1636 ·annis
300 1584 546 1655 Sy'rnponi
579 1622 596 1651 ,
638 1586 722 1655 qui
765 1586 925 1647 fuerat
966 1587 1199 1640 Honorio
1241 1603 1268 1638 a
1297 1585 1516 1655 secretu,
1561 1583 1630 1636 il—·

104 1660 317 1731 “lamque
352 1663 639 1732 scripserat.
693 1664 918 1715 Praestat
954 1663 1135 1716 iterum
1175 1663 1281 1716 eius
1324 1661 1510 1715 referre
1548 1667 1631 1714 ize-'-

101 1738 425 1791 stimonium.
498 1737 693 1793 Omnes
741 1736 1098 1794 occidentales
1142 1746 1318 1813 partes
1348 1775 1364 1803 ,
1422 1738 1583 1808 iuquit
1610 1776 1630 1804 ,

113 1810 508 1869 scandalizatae
533 1811 839 1882 turbantur,
883 1812 1057 1890 fratre
1078 1823 1257 1871 nostro
1282 1812 1491 1870 Pirrho
1514 1813 1632 1869 Pa-

109 1887 361 1946 triareha
410 1909 507 1965 per
559 1889 742 1947 literas
781 1911 903 1947 suas
950 1890 1051 1948 hue
1100 1901 1251 1964 atque
1291 1888 1418 1946 illue
1460 1899 1634 1947 trans-

99 1965 328 2034 ·missaS,
385 1985 524 2023 nova
571 1966 829 2039 quaedam
876 1977 922 2024 et
972 1979 1190 2044 praeter
1238 1965 1367 2045 fidei
1395 1973 1633 2041 requlam

116 2040 487 2118 praedicante,
511 2052 555 2099 et
584 2042 656 2099 ad
675 2043 957 2120 proprium
980 2066 1210 2114 sensum,
1234 2043 1385 2117 quasi
1421 2054 1634 2099 sanetae

105 2118 406 2175 memoriae
445 2119 751 2177 Honorium
785 2122 997 2197 Papam
1038 2121 1306 2179 attrahere
1333 2118 1635 2196 festin-ante3

95 2193 260 2268 quod
298 2216 331 2251 a
383 2207 553 2253 mente
598 2197 845 2254 catholici
892 2198 1078 2255 Patris
1116 2207 1230 2255 erat
1269 2196 1474 2272 penitus
1501 2195 1635 2252 alie-

119 2292 268 2328 num.
313 2274 508 2338 Quibus
569 2276 795 2347 prolatiS,
837 2277 1056 2348 explieat
1094 2278 1328 2342 Ioannes,
1371 2293 1471 2346 quo
1526 2293 1638 2329 sen-

111 2367 176 2404 su
217 2350 474 2404 Honorius
521 2370 674 2406 unam
718 2354 766 2406 in
808 2353 1004 2408 Christo
1049 2354 1361 2410 voluntatem
1391 2353 1593 2406 dixerit.

195 2427 272 2480 Ex
312 2430 462 2482 citato
511 2430 794 2484 testimonio
855 2427 1071 2501 plurima
1100 2431 1173 2496 ‚ad
1215 2449 1322 2484 rem
1389 2437 1635 2494 nostram,

101 2504 183 2557 AEt
210 2503 257 2556 1.
284 2504 473 2560 Omnes
500 2506 845 2562 Occidentales
874 2520 1038 2579 partes
1064 2508 1355 2561 scandalum
1395 2506 1638 2579 sumpsis-

169 2655 238 2721 ,[1)
268 2652 365 2698 Dico
397 2656 564 2708 saltem,
599 2660 689 2715 quia
721 2658 841 2704 altera
876 2659 913 2704 in
947 2659 1125 2705 Concilio
1160 2658 1226 2703 VI.
1262 2658 1433 2716 primum
1467 2673 1641 2721 compa-

118 2722 211 2757 ruit.
241 2712 293 2757 At
324 2729 371 2757 ex
399 2717 478 2758 hoc
510 2731 587 2760 non
621 2719 798 2776 sequitur
830 2718 936 2778 illam
971 2719 1267 2779 apochrypham
1297 2733 1400 2762 csse.
