1780 3038
134 290 296 355 posset
330 317 346 346 ,
388 280 498 334 loco
538 277 731 331 obiecto
758 317 773 338 .,
816 279 987 329 Patres
1047 275 1314 347 profanam
1348 284 1397 330 et
1435 275 1639 330 ani-mae

99 377 101 380 ·
133 358 468 429 perniciosam
511 371 711 408 vocasse
739 354 954 406 Honorii
986 354 1283 423 Epistoiam,
1312 354 1444 423 quod
1479 353 1638 407 silen-

135 436 259 487 tium
305 433 541 485 indiceret
581 432 711 483 circa
752 431 874 482 duas
913 428 1093 481 Christi
1154 432 1492 501 operationeS‚
1534 446 1635 482 non

133 511 265 580 quod
308 508 481 560 falsum
523 507 703 576 dogma
745 507 1068 572 contineret3
1110 522 1231 558 cum
1276 507 1411 560 enim
1471 518 1639 577 postea

134 588 382 655 legeretur
447 583 613 637 Pirrhi
675 583 895 654 Epistola
938 583 999 635 ad
1041 583 1287 635 Ioannem
1346 583 1435 636 lv‘.
1482 585 1635 637 Rom.

132 662 453 726 Pontificem,
497 661 649 713 relata
690 670 804 713 sunt
846 660 894 712 'm
937 659 1071 712 Actis
1112 659 1173 712 de
1216 660 1294 712 itta
1330 670 1643 714 tantummo-

132 739 197 791 do
237 755 365 808 quac
406 737 660 790 silentium
700 737 832 790 circa
875 737 1195 806 operationes
1234 735 1415 790 Christi
1479 737 1642 807 respi-

131 814 352 881 ciebant,
393 816 569 869 ceteris
608 814 841 868 omnibus
870 812 1244 883 praetern‘iissis.
1289 816 1352 867 At
1392 812 1523 866 hanc
1549 829 1647 867 ex-

132 892 416 962 ceptionem
460 891 645 944 nullius
681 908 786 943 esse
823 889 1063 960 ponderis
1088 899 1224 959 patet
1271 890 1321 955 1,
1369 889 1501 960 quod
1522 906 1646 943 sen-

134 969 286 1021 tentia
328 986 355 1020 a
396 969 626 1020 Patribus
666 966 760 1019 iata
804 966 1033 1038 respiciat
1071 983 1128 1018 ea
1173 967 1366 1033 omnia,
1398 983 1527 1036 quae
1566 965 1645 1019 le-

105 1074 109 1076 ·
134 1056 211 1097 cta
241 1054 375 1110 sunt,
406 1055 454 1098 et
497 1044 763 1115 praecipue
794 1043 898 1108 itta,
927 1059 1055 1112 quae
1079 1041 1232 1094 reiata
1261 1055 1374 1096 sunt
1406 1045 1456 1095 in
1487 1043 1651 1111 Λέων,

131 1122 182 1174 ἰη
208 1120 282 1174 his
305 1125 469 1174 autem
493 1121 645 1174 reiata
667 1131 779 1173 sunt
800 1137 856 1172 ea
879 1120 1177 1188 etiam-quae
1204 1136 1351 1191 supra
1375 1120 1436 1173 de
1466 1120 1650 1174 Hono-

131 1198 191 1251 rii
215 1197 419 1269 epistola
450 1198 656 1253 recitavi
697 1199 755 1249 2.
779 1198 1011 1262 obscum,
1040 1195 1292 1249 silentium
1322 1198 1384 1251 ab
1416 1197 1646 1251 Honorio

140 1274 383 1327 indictum
417 1292 516 1328 non
552 1275 696 1327 fuisse
726 1274 1011 1327 absolutum
1061 1281 1113 1323 ut
1134 1271 1385 1326 silentium
1409 1291 1435 1327 a
1468 1273 1650 1327 Pirrho

111 1347 547 1404 'commendatum
579 1387 595 1415 ‚
637 1350 721 1404 sed
782 1350 978 1403 silentio
1021 1348 1235 1401 duarum
1296 1350 1651 1422 operationum

134 1429 439 1481 substituisse
495 1428 856 1499 professionem
919 1426 1032 1478 fidei
1095 1423 1462 1481 Chalcedonsis·
1511 1427 1648 1482 circa

137 1505 263 1557 duas
302 1504 483 1557 Christi
527 1516 727 1557 naturas
768 1503 969 1574 propria
1011 1513 1286 1572 epe-rantes
1318 1500 1468 1575 atque
1521 1521 1650 1575 ope-

135 1581 365 1651 ratriceS‚
407 1582 586 1651 quibus
627 1578 1098 1642 monothelismum·⁷
1137 1589 1186 1631 et
1228 1580 1390 1650 ipsum
1424 1597 1649 1635 oecono-

139 1657 330 1710 micum
370 1657 623 1710 silentium
666 1658 714 1709 in
757 1657 958 1708 irritum-
993 1654 1457 1728 deducebatur3qui
1487 1658 1649 1724 enim,

136 1744 190 1786 ut
235 1734 332 1786 iam
374 1734 502 1800 dixi,
545 1733 771 1805 profiteri
812 1733 1024 1785 debebat
1065 1731 1186 1784 duas
1211 1732 1417 1787 ‘Christi
1450 1740 1651 1788 frameas

136 1811 340 1882 propria
383 1822 653 1882 operantes⁴
686 1821 840 1880 atque
869 1807 1194 1880 operat-riceS‚
1217 1810 1335 1880 quid
1359 1810 1491 1863 aliud
1525 1828 1653 1882 pro-

135 1887 370 1958 silebatur
412 1889 501 1941 nisi
544 1887 665 1940 duas
706 1886 1008 1950 minutam,
1051 1895 1100 1937 et
1127 1884 1262 1956 ¹duas
1312 1886 1491 1940 Christi
1522 1905 1658 1958 ope-

122 1961 389 2027 rationes?
432 1965 483 2017 3.
532 1964 687 2028 adde,
729 1962 970 2015 iudicium
1012 1961 1176 2014 latum
1211 1964 1271 2016 de
1300 1965 1514 2017 secunda
1540 1965 1653 2019 Ho-

139 2040 267 2093 norii
298 2041 520 2112 Epistola
556 2040 817 2094 conforme
849 2039 919 2091 itti
950 2055 1076 2104 esse,
1130 2040 1262 2108 quod
1307 2039 1460 2093 latum
1490 2053 1564 2095 est
1590 2042 1652 2095 de

139 2117 320 2187 prima.
347 2121 414 2170 At
435 2118 720 2171 Honorium
744 2117 807 2169 ob
829 2113 1227 2186 eam-praecipue
1249 2117 1514 2187 epistolam
1539 2118 1664 2171 fnis-

137 2210 188 2248 se
213 2192 521 2248 haereticum
544 2193 859 2264 damnatum,
882 2191 1016 2263 quod
1041 2191 1095 2244 in·
1114 2210 1170 2246 ea
1194 2193 1416 2247 docuisse
1437 2205 1659 2266 putave-

137 2352 301 2403 possunt
326 2343 426 2388 haec
459 2353 665 2402 postrema
694 2343 832 2391 verba.
871 2342 942 2385 nisi
976 2343 1079 2399 quod
1113 2340 1264 2402 pturimi
1299 2343 1478 2387 dicerent
1510 2344 1659 2390 immo-¹

139 2406 218 2446 rito
252 2404 371 2447 fuisse
405 2403 622 2448 Honoriutn
655 2405 693 2446 iu
727 2403 794 2447 VI.
829 2401 993 2459 Synodo
1028 2401 1286 2446 damnatum?
1327 2402 1442 2447 Ratio
1473 2418 1574 2446 vero-
1598 2405 1651 2448 ab

139 2459 352 2506 Hincmaro
384 2463 553 2507 adducta
586 2470 628 2506 ut
659 2463 817 2508 evincat
868 2462 1010 2503 iustam
1041 2461 1148 2518 illam
1178 2460 1340 2506 Honorii
1365 2461 1655 2508 damnationem

139 2521 274 2572 fuisse,
311 2536 393 2565 rem
425 2537 502 2566 non
520 2522 685 2565 evincit.

200 2578 372 2638 ldipsum
404 2582 607 2624 confirmat
635 2579 857 2624 Matthaeus
883 2576 1148 2635 Caryophilus
1191 2575 1540 2637 Arcbiepiscopus
1561 2578 1661 2625 lco-

141 2637 302 2690 niensis,
337 2640 374 2682 in
406 2640 674 2684 confutatione
695 2638 771 2682 Niii
802 2635 1180 2682 Thessalonicensis:
1219 2636 1275 2681 De
1298 2639 1477 2682 Primam
1507 2636 1651 2696 Papae,

142 2696 294 2740 dicens:
330 2696 424 2743 Non
461 2699 645 2757 ferebant
694 2694 963 2753 (Orientaiesj‘
986 2703 1157 2750 quatuor
1199 2695 1464 2747 Patriarckffl*
1484 2696 1662 2754 Optimo-5

143 2755 487 2858 lainamematimi
518 2765 560 2803 ut
591 2757 805 2803 haereticos
828 2751 1127 2808 Monockelitas,
1149 2763 1184 2799 et
1202 2770 1278 2799 non
1300 2755 1418 2809 inseri
1439 2754 1663 2810 Homium

185 2829 384 2860 ornanum.
