1780 3038
671 184 744 194 ..-
789 153 855 207 17
896 183 970 194 ...-

215 230 249 283 7
289 229 460 284 Multis
502 230 654 300 igitur
692 249 718 283 a
760 231 905 284 nobis
945 230 1006 285 de
1046 227 1144 282 hoc
1186 228 1335 282 motis
1373 245 1568 281 sermo-

138 308 283 361 nibus
323 309 383 362 ad
426 306 864 378 praenominatum
931 305 1270 367 venerabilem
1338 305 1570 376 Sophro-

138 385 300 456 nium,
342 396 594 455 postremo
637 383 887 437 adhortati
929 400 1046 436 eum
1106 399 1300 451 summ,
1344 385 1570 435 testimo-

138 462 219 514 nia
281 461 424 514 nobis
493 460 719 531 proferre
785 472 1080 514 sanctorum
1121 475 1178 511 ac
1232 460 1569 529 probabilium

138 539 368 602 Petrum,
414 537 616 590 iliorum
659 538 891 591 videlicet
955 553 1080 607 quos
1120 553 1297 589 omnes
1336 552 1572 588 eommu-

135 615 264 668 niter
306 616 548 667 Doctores
587 615 915 682 eonfitemur,
961 626 1012 667 et
1050 629 1269 684 quorum
1328 613 1569 683 dogmata

135 690 299 761 legem
365 702 563 745 sanctae
625 692 719 744 Dei
761 701 1072 760 cognoscunt
1141 690 1415 759 Ecclesiae,
1446 688 1570 742 duas

135 762 434 820 nominatim
475 779 523 821 et
565 768 681 838 ipsis
735 769 902 822 verbis
960 767 1279 838 operationes
1321 766 1370 818 in
1412 765 1567 819 Chri-

133 854 208 897 sto
249 845 484 897 dicendas
512 845 780 912 tradentia;
827 845 908 899 ille
948 855 1114 898 antem
1159 842 1255 895 hoc
1286 836 1448 896 facere
1470 849 1566 914 pe-

138 921 269 973 nitus
308 932 410 974 non
452 922 628 976 valuit.

207 998 240 1050 8
281 994 382 1051 Nos
423 1016 544 1051 vero
586 996 979 1063 consideranteS‚
1023 995 1346 1067 incipientem
1376 1012 1437 1048 ex
1463 992 1560 1050 hoc

134 1073 262 1127 inter
300 1075 541 1145 quosdam
571 1074 652 1128 hic
692 1076 1067 1128 contentionem
1108 1075 1430 1126 exardescere
1456 1110 1472 1139 ‚
1516 1087 1567 1126 et

130 1151 340 1205 scientes
397 1150 531 1222 quod
570 1168 769 1221 semper
807 1163 869 1204 ex.
912 1150 1196 1203 huiusmodi
1257 1150 1561 1203 decertatio-

133 1228 279 1280 nibus
319 1225 592 1281 haereseon
655 1229 984 1285 dissensiones
1041 1227 1247 1280 effectae
1286 1238 1422 1292 sunt;
1466 1244 1561 1279 ne·-

129 1305 399 1371 cessariu‘m
443 1305 795 1371 iudicavimuS‚
850 1321 1001 1358 omne
1028 1304 1246 1356 studium
1277 1319 1467 1373 ponere
1498 1308 1557 1357 ad

128 1381 426 1448 sedandum,
469 1391 629 1451 atque
659 1382 1023 1452 amputandum
1064 1382 1214 1434 talem
1243 1380 1558 1451 superfluum

131 1462 404 1511 verborum
445 1458 739 1511 conflictum
772 1495 788 1524 ‚
829 1469 878 1511 et
919 1459 980 1511 ad
1025 1475 1172 1528 saepe
1214 1458 1402 1511 dictum
1443 1474 1563 1512 san·-

127 1534 404 1588 ctissimum
428 1535 763 1589 Alexandriae
786 1534 1134 1588 Patriarcham
1165 1535 1478 1606 scripsimUS,
1508 1549 1563 1588 ut

127 1622 406 1682 postquam*
447 1614 688 1665 unitatem
734 1627 851 1665 eum
904 1611 1001 1678 his,
1051 1613 1134 1682 qui
1174 1613 1369 1683 pridem
1411 1627 1561 1682 sepa-

125 1689 387 1761 rabantur,
429 1688 539 1742 Deo
580 1690 852 1743 auxiliante
912 1690 1196 1758 composuit
1229 1725 1245 1755 ‚
1289 1689 1351 1741 de
1392 1700 1559 1743 cetero

125 1765 319 1818 nullum
362 1766 672 1836 permitteret
711 1784 864 1819 tinam
907 1779 990 1818 ant
1021 1767 1144 1819 duas
1175 1766 1401 1837 proferre
1429 1784 1558 1838 ope-

124 1842 342 1895 rationes
384 1842 432 1894 in
484 1837 681 1895 Christo
723 1844 832 1896 Deo
893 1854 1112 1909 nostro}
1177 1843 1337 1913 magis
1387 1858 1555 1897 autem

125 1917 266 1990 (sicut
303 1927 472 1972 saneta
530 1930 579 1972 et
619 1920 921 1973 universalia
965 1920 1279 1973 tradiderunt
1311 1919 1556 1995 Concilia)

121 2012 280 2049 unum
308 1995 642 2066 eumdemque
684 1994 869 2050 Filium
911 1992 1241 2067 Unigenitum
1264 1997 1552 2052 Dominum

106 2073 357 2126 Nostrum
387 2071 550 2126 lesum
580 2071 834 2127 Christum
864 2091 1042 2127 verum
1079 2075 1247 2127 Deum
1285 2086 1552 2146 operatum

121 2148 347 2203 confiteri
378 2159 478 2202 tam
501 2149 671 2205 divina
695 2163 948 2221 quamque
992 2149 1238 2217 humana,
1268 2163 1316 2203 et
1348 2169 1565 2211 omnem

123 2226 234 2280 Deo
275 2225 539 2280 decibilem
579 2236 628 2280 et
669 2225 876 2281 homine
938 2228 1145 2297 dignam
1202 2230 1553 2299 operationem

120 2319 184 2356 ex
205 2319 306 2357 uno
328 2303 607 2374 eodemque
639 2304 897 2358 incarnato
927 2304 1037 2358 Deo
1063 2303 1105 2349 V
1109 2305 1236 2378 erbo·
1256 2306 1551 2375 procedere,

121 2389 171 2432 et
197 2380 258 2434 ad
281 2395 438 2433 unum
463 2381 800 2452 eumdemque
823 2381 1074 2451 redigi3eo
1097 2382 1230 2452 quod
1255 2383 1400 2434 unius
1428 2382 1555 2453 qui—

119 2456 235 2510 dem
289 2457 596 2528 operationis
638 2473 759 2524 vox,
809 2475 1117 2529 quamquam
1165 2476 1192 2511 a
1246 2459 1551 2528 quibusdam

120 2532 317 2586 Sanctis
359 2534 490 2587 dicta
531 2544 603 2587 est
675 2535 920 2607 patribu3‚
971 2546 1138 2588 tamen
1163 2536 1429 2606 peregrina
1464 2536 1548 2591 vi-

117 2611 315 2676 deatur,
363 2622 413 2663 et
461 2612 755 2682 perturbare
798 2629 944 2665 aures
985 2612 1344 2681 quorumdam,
1381 2615 1554 2684 suspi-

116 2687 340 2740 cantium
381 2687 441 2740 ad
495 2691 898 2759 peremptionem
940 2687 1071 2740 hanc
1112 2688 1324 2759 proferri
1357 2689 1545 2744 incon-

43 2768 81 2818 (ι’
113 2763 239 2832 fuse,
269 2775 418 2835 atque
468 2765 743 2819 secundum
788 2765 1154 2819 subsistentiam
1196 2766 1453 2820 unitarum
1491 2768 1542 2820 in

1023 2843 1058 2893 2
