1780 3038
247 278 367 332 bant
392 314 408 344 ‚
449 291 550 328 non
592 271 763 337 verba;
802 271 876 322 sin
919 271 1082 322 minus
1121 268 1256 322 enim
1284 303 1303 335 ,
1348 284 1515 323 nonne
1555 284 1743 342 negare

245 354 489 407 debuisset
528 350 579 401 S.
625 346 875 400 Maximus
915 347 977 398 ab
1017 346 1247 398 Honorio
1294 346 1534 416 scriptum
1575 367 1743 402 unam·

243 433 561 483 voluntatem
592 463 607 492 ‚
657 433 803 492 atque
860 423 1025 475 dicere
1085 439 1112 474 a
1172 421 1375 474 Graecis
1434 423 1741 478 adiectivum

245 505 363 557 ittud
424 519 588 556 unam
634 499 781 551 fuisse
842 509 1060 550 assutum
1119 497 1426 551 substantivo
1492 497 1741 554 volunla-

242 576 397 635 tem?
437 583 488 631 at
536 576 584 628 id
651 591 906 644 nunquam
967 574 1236 640 affirmat,
1295 575 1424 627 sicut
1480 592 1740 646 nunquam

240 665 437 726 negat,
498 651 785 705 Honorium
853 668 1005 704 unam
1073 650 1384 704 voluntatem
1441 652 1738 721 scripsisse,

240 749 399 802 neque
441 728 536 782 hcc
578 729 626 779 in
666 724 833 780 Tomo
875 728 935 779 ad
976 726 1232 779 Marinum
1258 763 1274 793 ‚
1318 743 1481 796 neque
1522 729 1571 781 in
1611 730 1742 783 Dia-

238 808 355 877 logo
395 823 509 860 cum
549 802 777 870 Pirrho;
820 804 868 855 in
916 821 1015 873 quo
1084 803 1299 873 idipsum
1360 804 1547 875 pariter
1609 822 1743 859 con-

236 885 389 950 cedit,
434 880 678 935 intellecta
722 890 887 932 tamen
927 880 1171 932 sententia
1213 880 1274 932 de
1333 877 1585 934 humanae
1645 900 1747 936 na-·

238 972 380 1014 turae
421 959 700 1023 voluntate,
745 971 846 1010 non
888 967 1054 1010 autem
1095 957 1156 1010 de
1195 956 1386 1010 divina.
1433 978 1459 1011 «
1504 957 1636 1021 Quid
1678 959 1741 1013 de

237 1059 264 1094 α
309 1036 535 1091 Honorio
576 1033 708 1103 quod
749 1033 1049 1103 respondeas
1089 1031 1262 1099 habeS‚
1286 1029 1458 1104 inquit
1478 1031 1738 1102 Firmus,

234 1134 262 1169 ι(
306 1112 380 1187 (l)
420 1113 503 1184 qui
545 1120 715 1181 aperte
778 1110 903 1162 datis
962 1110 1023 1162 ad
1083 1110 1397 1164 decessorem
1461 1115 1632 1164 meum
1673 1111 1747 1164 ii-

237 1208 265 1243 «
291 1191 425 1243 ·teris
455 1226 471 1254 ‚
537 1204 690 1240 unam
758 1187 1070 1241 voiuntatem
1137 1187 1345 1240 Domini
1407 1187 1561 1239 nostri
1627 1187 1738 1242 Iesu

235 1284 262 1320 α
307 1265 489 1320 Christi
553 1260 812 1317 tradidit?
870 1260 1191 1318 Maaet'mus:
1234 1263 1358 1327 Quis
1397 1263 1500 1318 fide
1556 1263 1739 1334 dignus

232 1361 263 1395 α
308 1342 580 1396 istiusmodi
623 1340 863 1411 epistolae
904 1340 1149 1412 interpres
1178 1335 1209 1394 ⁶?
1251 1342 1289 1394 is
1320 1377 1336 1407 ‚
1377 1341 1462 1410 qui
1510 1357 1623 1394 eam
1674 1359 1738 1396 ex

234 1438 262 1473 ι(
306 1437 519 1490 persona
559 1418 776 1470 Honorii
818 1417 1074 1487 scripsit...
1119 1435 1181 1470 an
1225 1417 1301 1484 ii,
1345 1418 1428 1488 qui
1485 1417 1737 1471 Constan-

232 1516 260 1551 «
307 1495 515 1567 tinopoii
531 1495 801 1565 loquuntur
821 1494 954 1564 quod
976 1494 1023 1545 in
1043 1505 1262 1548 mentem
1285 1490 1457 1550 venit?
1474 1491 1733 1554 pirrhus:

231 1592 259 1628 ι(
302 1573 399 1638 Qui
439 1590 552 1626 eam
609 1571 923 1641 composuit.
965 1566 1259 1625 Maaeimus:
1301 1571 1348 1623 Is
1390 1570 1541 1641 igitur
1582 1571 1685 1642 ipse
1715 1612 1750 1643 ‚-

230 1670 258 1703 α
302 1666 417 1703 cum
458 1649 520 1702 ad
559 1658 786 1701 sanctum
826 1647 1213 1701 Constantinum
1243 1647 1630 1718 Imperatorem,
1669 1666 1743 1703 ex-

231 1743 258 1778 «
303 1743 514 1797 persona
556 1741 726 1778 rursus
754 1725 807 1777 S.
839 1724 1044 1777 Ioannis
1070 1725 1239 1796 Papae
1289 1725 1351 1778 de
1391 1722 1487 1778 hac
1525 1725 1735 1795 epistola

231 1819 258 1854 a
302 1804 560 1868 scriberet,
602 1802 765 1855 dixit:
808 1800 975 1854 Unam
1035 1801 1347 1857 voluntatem
1407 1800 1624 1855 diximus
1659 1803 1734 1856 ‹in

231 1895 259 1931 α
302 1879 546 1948 Domino,
582 1894 683 1933 non
725 1877 1000 1932 divinitatis
1038 1878 1145 1933 eius
1183 1888 1233 1933 et
1271 1877 1620 1947 humanitatiS,
1645 1879 1735 1934 sed

230 1970 257 2006 <t
303 1954 626 2009 humanitatis
666 1955 927 2021 duntaxat.
966 1972 991 2007 »

301 2031 427 2085 Cum
470 2033 635 2103 itaque
695 2042 864 2101 aperte
928 2032 1052 2086 adeo
1113 2031 1325 2086 fateatur
1384 2029 1437 2083 S.
1482 2030 1733 2087 Maximus

226 2106 513 2163 Honorium
555 2125 708 2161 unam
751 2107 1060 2162 voiuntatem
1101 2109 1279 2162 dixisse
1333 2107 1382 2159 in
1425 2123 1512 2160 sua
1574 2108 1730 2178 priori

226 2185 287 2237 ad
329 2185 566 2255 Sergium
607 2184 841 2254 epistola,
883 2197 1031 2256 atque
1070 2185 1131 2239 de
1170 2197 1336 2238 cetero
1363 2183 1546 2237 diserte
1574 2186 1729 2257 dicat,

223 2259 443 2315 Graecos
481 2279 592 2315 eam
634 2261 764 2314 salsis
794 2263 1091 2316 commentis
1121 2262 1435 2332 interpretari
1477 2270 1527 2313 et
1565 2279 1730 2332 expo-

224 2352 367 2408 nere,
397 2344 453 2393 ut
490 2355 634 2392 suam
673 2339 1022 2392 communiant
1050 2337 1297 2393 haeresim
1336 2336 1490 2391 etiam
1524 2337 1741 2393 illorum>

218 2485 350 2542 prium
380 2502 531 2532 sensum
560 2493 817 2532 convertentes
836 2521 846 2539 ,
882 2487 1099 2533 divinitatis
1129 2488 1210 2531 eius
1249 2494 1286 2532 et
1314 2485 1574 2532 humanitatis
1607 2503 1738 2534 unam-

223 2558 308 2588 eum
329 2544 573 2603 (Honorium)
603 2546 842 2591 voluntatem
872 2547 1045 2591 docuisse
1073 2547 1264 2603 suspicati
1293 2552 1400 2596 sunt,
1417 2546 1525 2603 quod
1552 2549 1736 2592 veritati.

223 2604 449 2649 omnimodis
480 2613 534 2648 est
558 2605 813 2649 contrarium.
847 2607 1066 2650 Confictum
1099 2607 1217 2663 igitur
1249 2620 1271 2649 a
1302 2606 1466 2649 Graecis
1500 2613 1559 2648 est
1583 2640 1593 2657 ,
1622 2605 1739 2663 quod'

223 2674 293 2719 per
324 2677 530 2708 numerum
564 2664 803 2708 mentionem
834 2663 1032 2709 Honorius
1064 2666 1202 2708 fecerit
1234 2665 1345 2708 unius
1375 2664 1728 2717 voluntatis‚con-

221 2721 409 2765 vertendo
439 2723 487 2766 ad
519 2724 715 2781 proprium
746 2737 901 2766 sensum
947 2723 1048 2768 illius
1078 2725 1308 2775 sententias,
1364 2723 1473 2780 quasi
1519 2722 1585 2766 hio
1615 2723 1728 2768 divi-

222 2777 353 2880 tita¹tis
368 2789 422 2884 ft
453 2780 700 2826 humanitatis
729 2781 880 2826 Ghristi
912 2795 1029 2828 unam
1061 2782 1238 2829 docuerit
1268 2781 1532 2830 voluntatem.

279 2844 294 2891 i
323 2841 338 2896 )
402 2854 479 2884 om.
514 2839 581 2885 cit.
