1780 3038
177 305 315 359 Haec
380 304 530 375 igitur
589 303 679 357 fuit
737 305 946 375 pessima
1011 300 1158 355 huius
1217 294 1438 353 Graecae
1506 299 1672 371 vulpis

179 382 405 449 intenti03
446 379 713 445 mediante,
755 381 960 449 scilicet,
1000 377 1178 431 silentii
1221 376 1514 429 oeconomia
1547 412 1566 439 ,
1605 377 1668 429 de

177 458 341 511 medio
381 456 551 510 tollere
590 457 1010 526 praedicationem
1051 454 1264 506 duarum
1294 453 1669 522 operationum,

174 544 385 587 statuere
426 548 544 586 vero
587 532 733 584 fidem
774 532 919 583 unius
961 530 1009 581 in
1050 529 1246 581 Christo
1277 529 1591 599 *operationis
1619 539 1670 582 et

176 609 457 662 voluntatis.
500 606 595 659 Ista
637 607 855 677 profecto
883 605 1071 676 Cyrum
1104 607 1263 675 ipsum
1293 622 1393 658 non
1426 605 1666 672 latebant3

173 684 412 754 siquidem
472 681 574 753 ipse
616 684 665 735 in
707 682 926 753 Epistola
986 680 1066 734 illa
1131 699 1219 735 sua
1285 681 1348 734 ad
1388 681 1667 750 Sergium,

173 776 299 829 quae
339 760 462 813 lecta
502 769 572 812 est
612 761 662 812 in
701 759 926 812 Concilio
985 757 1306 811 Lateranensi
1357 759 1448 810 sub
1488 757 1671 810 Marti-

174 851 239 888 no
262 876 278 906 ‚
319 832 392 909 (··2)
431 835 476 889 ei
518 834 755 906 plurimas
783 835 964 904 gratias
987 833 1134 887 refert
1172 833 1233 886 de
1271 833 1507 887 Hecthesi
1551 834 1664 887 He-

173 912 331 983 raclii,
353 929 503 983 quam
542 911 603 963 ad
642 930 693 965 se
733 913 953 978 miserat,
995 909 1269 973 affirmans,
1312 926 1401 980 per
1427 927 1538 964 eam
1579 910 1674 962 mi-

173 988 310 1042 rifice
349 988 498 1041 fidem
537 1003 859 1041 communem
899 986 1206 1041 confirmari.
1238 984 1490 1042 Laetatus
1523 1004 1665 1052 sam,

176 1065 356 1134 inquit,
395 1082 549 1137 super
588 1060 814 1119 eiusdem
854 1061 1087 1133 lectione,
1134 1070 1287 1132 alque
1345 1068 1670 1116 consislentes·

173 1158 374 1194 mecum
430 1143 798 1211 conqratnlans
833 1159 931 1214 per·
967 1134 1283 1193 laudabilem
1346 1136 1670 1212 scriptorum

173 1212 544 1289 expositionem
573 1255 589 1285 ‚
629 1215 787 1271 vel-nti
842 1212 963 1270 solis
998 1212 1330 1287 splendorem
1377 1212 1626 1270 nitentem
1649 1255 1669 1286 ‚

172 1299 220 1344 et
254 1309 459 1361 veram,
501 1289 966 1362 inconvertibilem,
1007 1287 1358 1346 inviolabilem
1427 1299 1674 1364 nostram·

171 1363 333 1441 fidem
371 1363 557 1443 fionius,
600 1377 849 1440 recteque,
889 1377 935 1423 et
975 1363 1302 1441 apertissime
1350 1365 1673 1444 praedican-

173 1450 296 1510 tem,
334 1442 636 1515 qratiaram
693 1442 913 1515 hymnos
951 1440 1124 1498 retuli.
1168 1445 1232 1496 Et
1273 1455 1438 1500 tamen
1499 1447 1669 1499 Hera-

173 1518 295 1572 clius
334 1521 383 1572 in
426 1520 506 1572 illa
546 1520 658 1574 fidei
717 1523 1024 1592 expositione
1066 1520 1345 1589 rigorosum
1405 1521 1669 1578 silentiuni

172 1595 301 1648 circa
343 1613 494 1649 unam
540 1596 619 1651 vel
684 1598 803 1651 duas
844 1598 1157 1669 operationes
1195 1600 1500 1653 servandum
1539 1616 1665 1670 esse,

172 1672 401 1725 omnibus
440 1673 789 1743 praecipiebat.
833 1675 927 1729 Sed
970 1685 1177 1727 noverat
1203 1675 1407 1745 Sergius
1437 1677 1521 1747 qui
1555 1676 1668 1729 He-

173 1745 382 1800 cthesim
410 1750 688 1819 scripsera13
712 1761 920 1806 noverat
963 1750 1142 1821 CyruS‚
1185 1751 1234 1803 in
1275 1753 1414 1806 cuius
1452 1754 1667 1823 gratiam

171 1823 349 1893 scripta
414 1824 607 1892 suerat,
650 1844 676 1878 a
716 1829 892 1896 quibus
949 1827 1201 1880 silentium
1258 1828 1501 1883 indictum
1542 1830 1668 1884 foret

173 1899 554 1954 observandum.
599 1902 695 1973 Ipsi
736 1905 871 1957 enim
914 1915 1073 1956 tacere
1114 1919 1215 1957 non
1262 1916 1513 1976 poterant.

248 1975 324 2027 Ex
369 1975 444 2029 his
485 1995 604 2031 vero
644 1980 761 2032 satis
800 1979 1112 2033 manifestam
1153 1991 1271 2050 puto
1325 1983 1486 2054 Sergii
1518 1999 1667 2037 men-

173 2058 292 2120 tem,
340 2052 458 2104 dum
504 2055 565 2106 ab
618 2055 844 2110 Honorio
895 2057 960 2110 R.
1012 2056 1254 2110 Pontifice
1284 2068 1419 2114 tanto
1480 2060 1665 2127 studio,

175 2135 404 2197 tantaque
444 2130 629 2183 malitia
669 2132 1109 2187 confirmationem
1145 2132 1326 2188 silentii
1368 2154 1396 2190 a
1438 2153 1490 2191 sc
1531 2136 1667 2190 indi·-

173 2202 236 2255 cti
281 2203 545 2275 impetrare
584 2209 759 2262 studet.

244 2277 429 2333 Verum
469 2278 636 2354 (quod
676 2286 892 2340 secundo
933 2286 1042 2340 loco
1090 2287 1534 2345 demonstrandum
1581 2306 1665 2343 as-.-

168 2352 373 2438 summ)
416 2357 465 2410 in
504 2360 649 2412 citata
707 2362 911 2432 epistola
951 2363 1153 2433 Sergius
1178 2364 1361 2435 dogma
1393 2359 1673 2422 monothe÷

176 2427 362 2483 lttieum
402 2446 569 2503 aperte
610 2438 867 2506 profitetur
906 2450 1052 2510 atque
1094 2439 1332 2495 defendit.
1575 2461 1578 2464 “

244 2505 491 2576 Imprimis
535 2513 691 2580 enim,
724 2515 957 2584 epistolae
994 2532 1111 2570 suae
1152 2517 1293 2571 initio
1318 2556 1335 2586 ,
1408 2519 1663 2584 affirmat,

168 2583 458 2636 sententiam
497 2586 557 2641 de
596 2606 694 2642 una
733 2590 910 2645 Christi
971 2593 1259 2664 operatione
1298 2596 1549 2666 pertinere
1601 2595 1664 2648 ad

173 2665 304 2709 recta
343 2669 391 2711 et
432 2661 741 2719 immaculata
782 2668 1031 2724 Ecclesiae
1070 2669 1324 2740 dogmata:
1374 2671 1531 2731 Recta
1577 2680 1666 2729 al-

228 2803 284 2861 22)
317 2809 464 2853 Secret.
501 2811 553 2854 tlt
584 2814 655 2858 sub
688 2815 777 2863 fine.
