1780 3038
801 180 867 231 8³
910 209 985 216 -—-

73 253 342 312 Theodoro
382 259 542 328 Papa,
585 272 699 309 cum
742 257 845 327 ipse
884 253 1042 326 probe
1081 260 1410 325 cognosceret
1455 253 1595 306 frau-

75 337 191 388 dem
232 331 435 388 omnem
476 344 525 386 et
568 333 896 403 imposturam
927 330 1162 384 facillime
1204 333 1309 387 sore
1361 336 1418 383 ut
1442 331 1479 383 is
1501 331 1597 383 de-

78 421 289 481 tegeret,
319 423 423 463 tum
449 411 513 464 ob
556 410 668 463 sacti
701 410 1001 462 memoriam
1043 410 1457 478 recentissimam,
1481 423 1598 460 cum

73 488 373 542 Theodorus
414 489 700 540 Romanam
742 486 1045 540 Cathedram
1106 486 1469 540 moderandam
1509 501 1599 536 su—

72 565 292 636 sceperit
331 583 465 618 anno
509 565 638 616 (ΜΞ.
671 574 908 634 quatuor,
940 579 1123 634 nempe
1153 565 1297 616 annis
1325 564 1386 615 ab
1414 561 1598 618 Hono-

75 642 138 695 rii
181 651 365 710 morte,
398 652 503 694 tum
553 643 616 695 ob
664 642 971 712 exemplaria
1007 641 1334 710 epistolarum
1357 656 1486 709 quae
1515 654 1600 690 as-

72 718 265 772 servari
307 717 584 771 debuerant
626 719 674 770 in
716 719 979 770 Romanae
1019 717 1273 771 Ecclesiae
1326 715 1598 779 tabulari0‚

79 805 208 866 tum,
250 794 368 849 dato
408 795 543 865 quod
583 794 891 864 exemplaria
953 794 1140 848 suerint
1193 794 1450 864 deperdita
1475 832 1492 863 ,
1535 791 1601 846 ob

76 889 338 943 personaS,
379 889 508 941 quae
549 888 664 924 cum
706 871 937 926 Honorio
979 872 1231 942 vixerant,
1263 887 1484 940 quasque
1518 869 1603 921 in-

80 960 337 1019 terrogare
366 948 662 1002 Theodorus
721 949 857 1019 Papa
902 958 1145 1019 poterat,
1188 966 1251 1000 an
1295 946 1527 1017 epistolas
1573 963 1603 999 a

78 1025 237 1078 Paulo
270 1025 506 1095 allegatas
529 1025 787 1078 Honorius
811 1026 1080 1096 scripserit.
1107 1025 1266 1078 Paulo
1316 1024 1467 1093 igitur
1497 1022 1607 1075 nul-

78 1101 123 1155 la
165 1101 341 1156 saltem
380 1103 595 1174 suspicio
637 1102 727 1154 suit
767 1103 828 1155 de
870 1101 1221 1173 apochryphia
1276 1101 1602 1170 epistolarum

75 1178 340 1247 Honorii3
380 1180 456 1232 sin
498 1179 664 1231 minus
703 1178 840 1231 enim
881 1197 932 1231 se
979 1181 1040 1231 ab
1085 1178 1179 1231 illis
1219 1177 1432 1232 citandis
1470 1185 1605 1230 tem-

75 1266 296 1326 perasset
327 1295 343 1325 ‚
395 1274 457 1309 ne
498 1266 551 1308 ut
600 1256 843 1326 impostor
903 1273 929 1308 a
972 1254 1240 1309 Theodoro
1284 1263 1599 1323 argueretur.

77 1335 244 1403 Atque
286 1332 501 1403 idipsum
542 1333 602 1387 de
624 1331 808 1386 Pirrho
838 1332 1008 1398 dicite,
1051 1332 1135 1403 qui
1177 1338 1315 1385 tanta
1339 1331 1606 1384 conliden-

79 1409 146 1461 tia
179 1446 195 1476 ,
239 1410 494 1480 animique
534 1410 798 1463 securitate
826 1409 1041 1463 Honorii
1085 1409 1348 1480 epistolam
1388 1409 1442 1461 S.
1487 1408 1606 1462 Ma·-

75 1485 218 1539 ximo
259 1487 490 1557 objecit,
531 1493 588 1539 ut
627 1497 790 1539 certus
849 1487 996 1540 fuisse
1039 1486 1269 1540 videatur
1309 1502 1336 1538 a
1378 1485 1606 1538 Maximo

84 1562 214 1616 illius
254 1565 617 1634 genuinitatem
643 1563 815 1633 negari
880 1581 982 1617 non
1027 1563 1264 1634 potuisse,
1326 1562 1452 1615 sicut
1512 1579 1607 1615 ne-

75 1650 196 1708 ·gata
257 1657 359 1693 non
401 1651 489 1695 est.
536 1643 697 1710 Atque
739 1639 858 1694 hine
884 1678 900 1707 ,
944 1641 1076 1693 unde
1119 1640 1225 1693 lieri
1274 1648 1509 1710 poterat,
1552 1649 1608 1692 ut

78 1714 322 1771 haeretiei
367 1717 431 1770 ita
473 1717 605 1771 cirea
671 1717 887 1771 Honorii
955 1717 1189 1788 epistolas
1228 1734 1333 1770 sese
1374 1726 1609 1787 gererent

79 1804 132 1846 et
172 1811 199 1846 a
241 1796 444 1847 nemine
472 1795 534 1851 de
563 1795 827 1848 mendacio
869 1805 1224 1864 arguerentur,
1247 1795 1385 1865 quasi
1415 1810 1609 1864 suppo-

82 1871 247 1923 sititiis
283 1871 480 1942 scriptis
519 1888 608 1924 suo
668 1873 826 1925 errori
871 1872 1209 1942 patrocinium
1251 1867 1611 1942 quaererent?

79 1946 332 2011 'Quamvis
359 1948 495 2000 enim
536 1949 809 2002 concedam
854 1949 902 2000 in
945 1948 1173 2002 Concilio
1217 1949 1321 2019 ipso
1352 1948 1445 2001 Vl.
1493 1947 1610 2002 talia

79 2025 398 2095 fflpposititia
439 2025 738 2078 documenta
768 2022 912 2079 fuisse
954 2026 1191 2096 allegata,
1234 2036 1382 2096 atque
1414 2026 1462 2077 in
1493 2042 1612 2079 me—

85 2101 226 2154 dium
250 2102 446 2155 actione
468 2102 845 2173 lll.produetos
868 2101 1224 2174 apochryphos
1254 2102 1447 2156 libellos
1469 2101 1613 2154 Men-

90 2194 187 2231 nae
228 2178 289 2231 ad
329 2178 572 2249 vigilium
609 2181 823 2250 Papam,
866 2190 914 2232 et
954 2178 1102 2232 huius
1142 2180 1203 2233 ad
1244 2181 1613 2251 Imperatorem

84 2254 454 2322 Justinianum,
478 2262 529 2309 et
550 2254 871 2310 Theodoram
895 2258 1196 2326 Augustam,
1223 2257 1426 2327 insuper
1456 2255 1613 2309 multa

87 2344 330 2403 corrupta
371 2334 578 2386 Patrum
620 2334 925 2400 testimonia3
970 2344 1137 2387 tamen
1183 2334 1314 2387 illico
1358 2334 1491 2385 fraus
1518 2332 1613 2386 de-

91 2407 342 2479 prehensa
383 2420 477 2476 est,
518 2409 912 2463 etanat-hemate
944 2410 1199 2464 mulctata.
1243 2410 1495 2464 Credibile
1519 2427 1615 2462 au-

92 2495 197 2538 tem
228 2503 290 2538 ne
330 2496 402 2539 est
441 2503 617 2557 segnes
658 2488 782 2541 adeo
845 2489 990 2540 fuisse
1020 2489 1279 2540 Romanos
1325 2486 1613 2557 Pontifices,

90 2562 180 2632 qui
223 2562 455 2617 Honorio
495 2574 873 2631 successerant,
914 2565 1217 2618 Severinum
1258 2565 1370 2618 dieo
1397 2602 1413 2630 ,
1455 2564 1616 2616 Ioan-

96 2655 216 2691 nem
259 2638 374 2709 lV.‚
417 2638 765 2704 Theodorum,
799 2641 1098 2706 Martinam,
1125 2642 1436 2708 Eugenium,
1466 2640 1616 2694 Vita-

98 2713 314 2781 lianum,
355 2716 693 2785 Adeodatum,
735 2719 965 2782 Donum,
1007 2717 1328 2788 Agathonem
1370 2730 1423 2771 ut
1453 2717 1618 2771 nullus

100 2791 182 2849 vel
224 2792 440 2847 volucrit
471 2830 487 2861 ,
532 2794 608 2849 vvel
654 2795 865 2850 valuerit
907 2794 1133 2850 fraudem
1177 2797 1410 2866 detegere
1437 2837 1453 2867 ,
1499 2812 1617 2849 cum
