1780 3038
134 261 237 331 ipse
276 260 537 313 Romanus
574 256 828 321 Pontifex,
872 258 1012 313 cuius
1051 257 1322 329 apostolica
1362 258 1502 311 sedes
1525 260 1641 310 ητα-4

131 339 270 391 ximo
312 337 553 389 dedecore
596 351 685 403 per
723 333 861 385 illam
891 335 1267 387 damnationem
1297 330 1642 388 alliciebatur?

133 414 367 468 Profecto
407 412 445 463 si
511 410 725 462 loannes
787 410 875 461 lV.
921 411 1278 464 calumniatam
1319 411 1534 466 Honorii
1568 410 1644 463 fi·-

136 491 250 542 dem
290 504 484 540 summa
527 487 576 540 vi
621 486 919 551 vindicavit,
960 489 1080 557 quid
1136 505 1236 540 non
1278 488 1497 542 facturus
1537 488 1642 540 Leo

135 565 203 618 Π.
248 566 433 632 fuisset,
477 563 597 614 dum
637 580 754 616 eum
797 564 988 616 videret
1016 581 1130 617 cum
1154 565 1329 617 ceteris
1369 563 1646 617 Monothe-

140 642 235 694 litis
263 642 576 704 damnatum,
606 640 689 707 qui
714 640 978 692 damnatus
1000 641 1048 692 in
1072 641 1298 694 Concilio
1327 658 1428 694 non
1453 635 1646 693 suerat?

134 718 263 770 Cum
308 717 471 786 itaque
511 715 816 768 definitionis
857 718 1115 787 exemplar
1173 719 1410 770 traditum
1474 716 1649 787 legatis

139 796 197 848 sit
231 803 375 864 prout
399 794 447 844 in
475 792 683 862 Synodo
713 793 896 846 lectum
926 793 1108 860 suerat,
1139 794 1449 864 proindeque
1476 793 1648 848 omni-

139 889 207 923 no
250 871 595 940 incorruptum
625 908 643 937 ,
689 871 738 921 in
779 888 936 940 eaque
965 870 1231 923 damnetur
1290 887 1405 924 oum
1448 870 1650 941 reliquis

141 943 419 1013 Honorius,
446 963 549 997 non
573 956 777 1016 possunt
804 949 926 999 Acta
941 947 1151 1000 Concilii
1175 948 1260 1000 VI.
1293 958 1528 1018 corrupta
1557 948 1651 1001 de-

143 1024 300 1090 sendi3
342 1024 379 1076 si
423 1023 560 1075 enim
605 1023 652 1073 in
696 1023 923 1077 Concilio
966 1026 1231 1077 damnatus
1279 1041 1381 1077 non
1419 1035 1515 1090 est,
1557 1040 1652 1077 nec

145 1103 194 1159 in
236 1100 530 1153 delinitione
577 1099 717 1166 sidei;
750 1111 799 1153 at
840 1101 1145 1172 impossibile
1168 1101 1258 1153 suit
1298 1112 1350 1154 ut
1381 1101 1430 1153 in
1459 1119 1516 1154 ea
1545 1101 1654 1154 eius

144 1195 332 1230 nomen
379 1176 768 1244 intruderetur3
809 1195 932 1247 ergo
972 1195 1065 1231 nec
1107 1179 1157 1231 in
1205 1178 1341 1231 Actis
1405 1178 1652 1232 intrusum

146 1254 414 1307 defendere
456 1253 586 1305 licet.

223 1331 442 1382 Ulterius
481 1329 742 1399 epistolam
785 1324 1091 1401 Synodicam
1133 1330 1654 1400 legati-Romamtde-

145 1406 349 1473 tulere3
387 1405 514 1459 haec
555 1406 691 1459 enim
732 1407 793 1459 de
835 1425 975 1461 more
1017 1408 1305 1460 mittebatur
1344 1427 1371 1461 a
1403 1408 1652 1475 Patribus;

148 1484 389 1536 credibile
432 1483 569 1536 enim
611 1494 682 1536 est
722 1501 884 1552 neque
925 1484 1057 1537 hanc
1097 1485 1158 1537 ad
1180 1485 1472 1538 Romanum
1513 1486 1657 1538 Pon-

150 1561 337 1616 uticem
379 1560 644 1612 detulisse?
686 1561 835 1630 Atqui
891 1561 939 1612 in
981 1579 1039 1614 ea
1081 1578 1313 1630 expresse
1353 1562 1534 1614 dicitur
1561 1561 1657 1613 ‹la-

150 1648 350 1689 mnatus
393 1637 441 1688 in
483 1635 711 1689 Concilio
783 1637 1062 1690 Honorius.
1133 1638 1350 1701 Quando
1393 1639 1544 1708 igitur
1587 1637 1654 1691 ibi

150 1731 337 1770 nomen
367 1714 473 1766 eius
497 1713 744 1766 intrusum
772 1725 843 1765 est
873 1711 903 1766 ἶ)
933 1717 1217 1785 Antequam
1250 1714 1499 1785 legeretur
1522 1712 1553 1769 ‘I
1594 1715 1659 1767 At

151 1790 338 1843 nedum
384 1790 478 1860 ipsi
527 1790 700 1859 legati,
740 1790 823 1843 sed
855 1802 902 1843 et
926 1792 1144 1845 universi
1166 1803 1339 1862 patres
1362 1790 1660 1844 mii-attim-

155 1867 446 1937 pudentiam
488 1866 710 1920 fuissent.
756 1867 874 1920 Post
913 1886 1064 1936 quam
1100 1868 1222 1921 lecta
1259 1865 1385 1922 suit‘?
1414 1870 1480 1921 A!
1518 1868 1661 1938 lega-

154 1945 191 1995 si
212 1943 258 1996 ci
281 1943 697 2013 subscripserunt,
720 1954 769 1995 et
797 1943 878 1996 alii
910 1945 979 1997 53
1010 1945 1252 2016 episcopi.
1278 1949 1561 2016 Antequam
1589 1944 1662 1998 eis

156 2019 487 2077 traderetur?
537 2020 601 2072 Et
648 2022 906 2091 quomodo
939 2022 1015 2076 vel
1065 2021 1522 2093 Constantinopoli,
1573 2020 1660 2075 vel

155 2098 354 2154 Romae
420 2097 686 2149 admissam
749 2097 976 2151 fraudem
1019 2116 1121 2152 non
1182 2095 1556 2168 agnoverunt?
1602 2098 1663 2151 Et.

154 2173 191 2225 si
234 2185 572 2243 agnoverunt,
613 2175 867 2243 quomodo
910 2182 1173 2228 tacuerunt,
1196 2176 1309 2246 ipsi,
1351 2175 1664 2232 tacuit.Ro-

157 2267 337 2303 manae
379 2250 509 2303 sedis
554 2251 839 2321 episcopm,
883 2253 1034 2304 tacuit
1100 2253 1332 2307 universa
1406 2252 1664 2306 Occiden-

159 2327 268 2377 talis
329 2327 550 2380 Ecclesia
590 2324 620 2381 ⁶?
688 2327 754 2379 Ut
824 2328 1041 2397 ingenue
1109 2329 1320 2396 dieam3
1388 2339 1475 2383 aut
1538 2346 1664 2400 pro-

156 2403 319 2455 banda
360 2414 431 2464 est
477 2404 734 2474 corruptio
793 2404 1101 2460 delinitionis
1141 2406 1255 2458 fidei
1317 2417 1366 2459 et
1423 2404 1664 2476 epistolae

157 2479 440 2550 Synodicae
478 2481 551 2545 ad,
589 2482 881 2533 Romanum
940 2482 1264 2548 Pontificem,
1306 2492 1392 2535 aut
1451 2482 1664 2536 dicenda

156 2566 270 2608 suut
308 2551 682 2610 Aeta'Concilii
725 2557 811 2610 VI.
856 2559 1064 2611 omnino
1108 2559 1415 2629 incorrupta.
1460 2562 1524 2612 At
1557 2558 1667 2628 pri·-

159 2649 297 2685 mum
337 2650 437 2702 quo
478 2645 777 2704 argumento
818 2632 1145 2705 probabitur?
1187 2636 1238 2688 Si
1279 2637 1505 2689 dicamus
1542 2633 1668 2688 haec

158 2707 458 2762 documenta
542 2722 780 2782 corrupta
855 2723 1124 2783 antequam
1210 2713 1432 2765 Romam
1498 2711 1670 2764 deser-

159 2797 380 2861 rentur,
421 2788 677 2856 quomodo
722 2788 841 2842 Leo.
888 2789 955 2841 11.
1000 2789 1314 2843 confirmare>
1354 2790 1515 2860 potuit
1553 2788 1669 2843 Ho—
