1780 3038
160 145 399 194 Scienza
435 162 461 194 e
488 147 634 195 Fede
668 146 717 193 di
745 145 922 208 Napoli
954 148 1071 204 etc.‚
1110 147 1160 193 et
1195 144 1462 193 doctissimi
1491 144 1672 206 quique

159 216 273 272 viri,
314 216 537 277 plurimis
571 216 799 263 laudibus
834 216 961 262 hanc
997 215 1391 262 dissertationem
1426 212 1671 276 prosecuti

159 287 288 331 sunt.
328 285 462 340 Quod
493 286 533 332 si
563 285 730 347 aliqua
757 285 819 332 ab
845 285 1173 333 eruditissimo
1197 286 1399 332 auctore
1417 283 1669 345 proferun-

159 355 258 410 tur,
284 354 459 415 quibus
485 369 582 401 non
601 369 700 402 esse
718 353 1116 402 subscribendum
1135 353 1378 415 aliquibus
1398 353 1558 400 visum
1579 353 1668 409 est,

158 423 382 484 quamvis
429 423 678 471 catholicis
723 423 1158 483 communibusque
1197 423 1446 484 principiis
1489 437 1547 470 ea
1588 421 1669 469 de-

158 494 398 539 monstret
441 495 491 540 et
534 492 751 549 evincat,
795 507 840 539 v.
878 506 923 554 g.
961 492 1261 540 sententiam
1297 493 1470 540 contra
1506 489 1669 539 Hono-

157 561 287 608 rium
329 561 488 608 latam
533 559 652 608 Sess.
690 560 824 608 XIII.
873 561 1073 608 Concilii
1108 561 1190 609 VI.
1237 562 1340 610 vim
1383 560 1670 608 oecumenici

156 645 254 677 non
284 629 463 678 habere
492 629 663 691 judicii
704 658 763 662 ——
801 629 962 691 plures
998 632 1187 688 tamen,
1221 631 1399 678 saltem
1423 630 1478 677 in
1503 629 1668 686 Italia,

156 699 241 760 qui
275 701 384 759 post
421 714 532 747 eum
570 699 663 746 hac
698 699 757 748 de
787 714 840 747 re
875 700 1173 762 scripserunt
1188 737 1199 757 ‚
1243 701 1288 747 ei
1322 700 1522 747 omnino
1557 699 1668 751 Sub-

155 767 477 829 scripserunt,
514 784 554 816 e.
592 783 637 831 g.
675 767 862 816 Auctor
898 769 1141 830 opusculi:
1186 768 1324 831 Papa
1359 767 1536 816 Onorio
1572 783 1599 816 e
1633 767 1670 814 il

157 837 365 884 Concilio
397 837 477 884 VI.
518 838 621 899 (qui
659 840 733 886 est
769 838 885 886 Pius
921 837 1148 895 Delicati,
1185 838 1238 886 in
1274 837 1544 885 Seminario
1575 836 1668 891 Ro-

155 921 302 953 mano
368 905 493 954 Hist.
549 907 687 954 Eccl:
741 907 1037 966 Professor),
1098 909 1248 969 atque
1307 906 1668 955 eruditissimus

155 973 187 1021 J
189 975 391 1037 osephus
419 975 556 1034 Fabi,
587 977 671 1038 qui
699 978 871 1024 contra
900 976 1067 1024 Hefele
1094 977 1307 1038 scripsit:
1337 976 1434 1024 Pro
1451 975 1669 1034 Honorio

156 1045 206 1091 et
242 1043 358 1092 Sede
394 1044 673 1106 Apostolica
700 1074 759 1078 -
795 1049 845 1094 et
880 1060 1023 1094 nemo
1061 1047 1358 1109 argumenta
1391 1044 1669 1120 Pennacchi

155 1114 310 1160 nostri
348 1130 499 1176 usque
534 1130 665 1162 nunc
700 1115 848 1163 solide
883 1115 1101 1163 refutare
1135 1115 1309 1172 valuit.

257 1182 364 1230 Hac
401 1199 457 1231 ex
490 1198 638 1232 causa
666 1185 794 1232 hanc
819 1179 1214 1233 dissertationem
1242 1185 1513 1247 plurimum
1539 1198 1667 1246 com-

155 1252 385 1300 mendare
420 1268 518 1301 non
552 1254 748 1312 haesito,
795 1256 967 1316 utpote
1003 1270 1111 1315 quae
1147 1256 1198 1302 et
1234 1253 1487 1302 catholicis
1529 1251 1668 1316 adju-

155 1324 321 1368 mento
334 1358 344 1378 ‚
395 1322 699 1370 heterodoxis
734 1338 848 1371 vero
879 1323 1057 1371 lumini
1095 1339 1196 1371 esse
1230 1324 1397 1385 possit.
1469 1322 1669 1371 Etenim

156 1392 266 1452 post
306 1390 559 1439 definitam
587 1391 904 1440 Summorum
927 1392 1224 1440 Pontificum
1259 1388 1668 1440 infallibilitatem

156 1474 212 1506 eo
247 1460 406 1523 magis
442 1462 767 1509 necessarium
804 1464 904 1520 est,
939 1464 997 1510 ut
1033 1477 1199 1510 omnes
1230 1461 1502 1510 sacerdotes
1526 1477 1668 1513 arma

156 1528 246 1575 sibi
283 1532 462 1591 parent
497 1531 560 1577 ad
595 1531 685 1578 hoc
720 1531 898 1593 dogma
932 1530 1286 1580 defendendum
1321 1533 1372 1579 et
1408 1531 1666 1588 tuendum,

156 1597 283 1658 quod
328 1599 431 1646 sine
474 1599 620 1647 dubio
656 1602 890 1648 acerrime
924 1616 955 1647 a
991 1600 1333 1649 Rationalistis
1369 1601 1422 1648 in
1458 1603 1667 1665 utroque

156 1681 328 1729 campo
375 1669 764 1735 impugnabitur.
806 1698 865 1703 —-
912 1669 989 1718 Ab
1025 1669 1192 1718 eodem
1228 1669 1442 1718 Auctore
1476 1670 1666 1721 eodem-

155 1751 248 1797 que
278 1737 461 1785 editore
487 1739 629 1786 aliud
648 1741 758 1800 post
783 1739 929 1787 breve
958 1740 1245 1801 opusculum
1271 1739 1666 1807 parabitur,un

155 1820 238 1862 ea,
275 1821 384 1867 quae
420 1807 471 1853 in
507 1807 599 1855 hac
623 1807 963 1856 dissertatione
987 1808 1170 1870 scripta
1201 1811 1340 1866 sunt,
1377 1809 1666 1867 confirman-

154 1876 240 1920 tur
276 1877 326 1923 et
362 1877 756 1934 corroborantur,
794 1893 852 1925 ea
887 1893 1159 1939 ve10‚quae
1194 1877 1256 1925 ab
1293 1845 1540 1941 aliquibus
1565 1879 1666 1929 sive

154 1943 268 1990 viva
291 1959 428 2002 voce,
461 1946 561 1994 sive
588 1947 768 2024 scripto
798 1949 970 1994 contra
996 1946 1188 2008 objecta
1219 1949 1360 2006 sunt,
1398 1947 1664 1996 dissolvun-

154 2014 260 2070 tur,
285 2040 343 2045 —
366 2014 418 2061 in
441 2015 602 2076 quod
590 2016 640 2074 11,
668 2031 877 2078 quorum
896 2016 1115 2075 interest,
1143 2018 1363 2064 animam
1383 2004 1663 2073 advertant

270 2137 457 2183 Romae
489 2139 541 2182 ad
571 2140 608 2183 S.
639 2139 920 2184 Elisabetham

338 2209 457 2241 Festo
482 2212 522 2241 S.
548 2211 704 2248 Jacobi,
733 2212 854 2243 1870.

804 2485 1150 2550 Bonifacius
1190 2486 1480 2556 Wimmcr

711 2590 799 2628 Abb.
825 2590 860 2627 S.
884 2590 1068 2628 Vincentii
1092 2593 1129 2627 et
1152 2561 1615 2640 Praes.congr.130ned.r

942 2649 948 2653 ‘
1017 2637 1248 2675 Americanae.
