1780 3038
166 244 193 278 (ί

166 319 193 353 (ί

166 394 192 429 (1

165 477 191 510 (ί

165 550 191 584 (ί

164 629 190 661 (ί

163 702 188 735 ((

162 777 188 811 ((

162 852 188 886 (ί

159 928 186 961 (t

161 1004 186 1038 ((

161 1079 187 1113 ί(

160 1155 188 1190 (ί

160 1231 187 1266 (ί

160 1310 187 1344 ((

161 1384 186 1418 (l

160 1459 187 1493 (t

159 1538 186 1572 (l

160 1610 187 1645 ((

158 1689 185 1723 (ί

162 1763 187 1798 G

160 1839 187 1874 ((

160 1918 186 1951 ((

161 1993 187 2026 ((

161 2069 186 2102 (ί

161 2144 187 2178 d

161 2218 186 2254 (Ι

160 2295 187 2331 <(

160 2370 187 2405 (ἶ

160 2449 185 2482 ((

160 2523 185 2556 ((

161 2601 187 2634 ((

163 2673 188 2708 (1

237 218 352 270 dam
393 215 690 269 Sanctorum
730 216 936 266 Patrum
977 220 1261 265 nostrorum
1328 212 1612 282 proferente
1637 250 1655 280 ,

238 294 498 363 dispersim
539 291 588 343 in
628 288 923 361 quibusdam
962 285 1211 358 opusculis
1230 286 1331 340 suis
1354 305 1507 341 unam
1528 306 1658 359 ope-

238 371 483 423 rationem
541 366 910 431 asserentium3
970 364 1032 416 ad
1093 361 1220 416 haec
1259 380 1460 434 quoque
1500 375 1549 419 et
1594 368 1658 419 ex

236 445 504 500 abundanti
547 443 819 513 inquiente,
861 441 996 509 quod
1037 438 1289 492 multoties
1336 441 1504 495 Sancti
1554 442 1658 495 Pa·-

238 531 333 574 tres
372 522 548 587 nostri,
581 531 633 572 ut
659 518 971 571 lucrarentur
998 516 1332 586 plurimarum
1368 517 1656 572 animarum

234 596 464 664 salutem,
488 599 607 650 dum
631 594 744 647 talia
770 602 1088 662 emergerent
1108 592 1347 662 capitula,
1370 593 1480 648 Deo
1501 595 1658 665 gratis

233 673 700 742 dispensationibuS‚
725 687 782 724 ac
805 669 996 740 placitis
1017 668 1090 721 usi
1115 668 1262 722 fuisse
1284 669 1542 739 videntur,
1570 671 1657 724 ni-
1719 691 1726 698 ²

233 747 304 800 hil
351 751 411 803 de
457 750 725 803 subtilitate
766 758 1020 800 rectorum
1060 745 1318 800 Ecclesiae
1359 746 1656 816 dogmatum

232 827 557 897 exagitante53
581 835 630 879 et
652 824 868 891 dicente,
891 822 1025 893 quod
1051 831 1282 891 oporteat
1304 822 1478 893 utique
1499 824 1655 879 etiam

232 904 281 955 in
317 904 585 974 praesenti,
629 901 750 954 dum
793 910 1047 953 tantorum
1087 897 1306 951 millium
1346 900 1655 971 populorum

229 981 359 1033 salus
398 997 516 1050 prae
575 978 804 1030 manibus
869 976 1111 1047 ponitur,
1155 973 1282 1027 nihil
1321 974 1384 1028 de
1423 974 1522 1030 hoc
1563 995 1656 1049 per

231 1055 606 1110 contentionem
646 1053 897 1121 altercari3
928 1052 1113 1106 idcirco
1135 1051 1291 1123 quod,
1314 1050 1442 1105 sicut
1460 1053 1655 1108 dietum

231 1143 340 1200 est,
406 1133 556 1186 etiam
599 1149 626 1184 a
665 1131 964 1201 quibusdam
1030 1129 1197 1183 Sacris
1253 1128 1486 1183 Patribus
1553 1147 1655 1186 vox

231 1207 514 1263 huiusmodi
581 1208 709 1261 dicta
749 1217 859 1274 est,
902 1204 1127 1277 nihilque
1167 1205 1229 1259 de
1269 1201 1367 1258 hoc
1426 1204 1655 1262 laedatur

231 1296 394 1339 rectae
435 1285 548 1339 fidei
591 1285 742 1350 ratio;
785 1293 1091 1338 memoratus
1130 1282 1241 1335 Deo
1282 1281 1514 1337 amabilis
1551 1283 1654 1339 So·-

231 1360 475 1432 phronius
515 1361 665 1415 talem
705 1360 1130 1430 dispensationem
1169 1356 1456 1413 nullatenus
1502 1376 1655 1419 acce-

231 1449 316 1508 pto
358 1438 484 1492 tulit.
527 1438 657 1502 Quia
700 1437 850 1506 igitur
889 1455 980 1507 pro
1020 1434 1118 1491 hoc
1157 1452 1275 1489 cum
1313 1433 1469 1491 literis
1507 1437 1649 1492 eius-

230 1514 343 1567 dem
401 1514 691 1568 sanctissimi
732 1514 1060 1568 comministri
1100 1513 1163 1566 ad
1203 1528 1294 1566 nos
1339 1513 1651 1584 conjunxit,

231 1591 292 1643 de
331 1590 426 1645 hoc
464 1608 662 1662 quoque
701 1590 852 1642 etiam
893 1592 1025 1662 apud
1066 1607 1156 1645 nos
1194 1605 1484 1645 sermonem
1529 1608 1651 1646 mo-

231 1668 393 1721 vendo
435 1667 677 1734 insistens,
719 1676 772 1719 ut
809 1666 871 1720 de
912 1668 1091 1721 talibus
1155 1666 1460 1720 adimeretur
1496 1669 1644 1740 capi-

234 1743 345 1797 tulis
384 1754 494 1814 post
532 1745 712 1798 factam
751 1743 1031 1799 unitionem
1072 1762 1171 1800 vox
1213 1741 1360 1796 unius
1400 1746 1652 1816 operatio·-

232 1820 328 1885 niS‚
369 1821 551 1873 durum
591 1837 683 1874 nos
721 1817 817 1873 hoc
856 1820 1078 1875 arbitrati
1118 1835 1307 1875 sumus.
1376 1821 1650 1887 Quomodo

229 1897 364 1948 enim
407 1913 507 1950 non
547 1907 671 1950 esset
709 1896 891 1950 durum
920 1907 968 1952 et
991 1897 1135 1954 valde
1157 1911 1453 1966 onerosum,
1481 1915 1651 1970 quan-

232 1971 295 2025 do
335 1970 433 2025 hoc
473 1973 723 2027 resolvere
761 1983 1087 2045 evertereque
1126 1985 1234 2030 erat
1280 1974 1504 2029 futurum
1530 1976 1652 2047 qui-

231 2049 345 2101 dem
385 2066 587 2102 omnem
630 2049 764 2102 illam
804 2052 1127 2106 concordiam
1166 2061 1315 2123 atque
1357 2052 1601 2108 unitatem
1629 2089 1650 2122 ,

231 2141 357 2193 quae
397 2126 523 2178 bene
582 2126 742 2181 fuerat
781 2126 977 2200 effecta,
1019 2138 1122 2182 tam
1167 2129 1302 2200 apud
1342 2129 1650 2187 Alexandri-

232 2218 350 2253 nam
390 2218 627 2272 magnam
668 2203 947 2276 civitatem,
1014 2221 1266 2277 quamque
1305 2224 1398 2280 per
1436 2206 1651 2263 univer-

231 2293 306 2329 sas
342 2278 433 2330 sub
472 2296 529 2332 ea
572 2280 874 2352 provinciaS‚
914 2298 1043 2352 quae
1071 2281 1209 2337 nullo
1238 2292 1466 2356 tempore
1493 2300 1651 2355 usque

231 2370 363 2405 nunc
403 2355 774 2426 acquieverant,
834 2374 1020 2412 nomen
1057 2358 1233 2414 saltem
1271 2360 1485 2433 simplex
1522 2359 1652 2418 divi-

231 2430 280 2479 ni
322 2440 466 2499 atque
524 2431 782 2485 laudabilis
846 2434 1007 2488 Patris
1073 2437 1228 2490 nostri
1295 2436 1502 2508 Leoni5‚
1563 2447 1652 2492 aut

231 2505 396 2557 Sancti
444 2516 492 2559 et
531 2510 700 2578 magni
742 2522 887 2580 atque
927 2511 1222 2568 universalis
1260 2513 1651 2570 Chalcedonen-

233 2580 295 2631 sis
338 2580 544 2636 Concilii
602 2585 911 2640 mentionem
951 2588 1135 2658 facere,
1177 2607 1311 2645 nunc
1350 2608 1473 2647 vero
1493 2607 1651 2662 prae-

233 2655 363 2709 clara
402 2668 451 2710 et
488 2677 670 2730 magna
711 2679 834 2716 voce
874 2663 926 2717 in
965 2665 1152 2723 divinis
1190 2668 1455 2724 missarum
1502 2684 1650 2724 arca-

164 2748 191 2784 «
236 2731 310 2784 nis
349 2731 444 2788 hoc
482 2735 855 2806 praedicantes?
