1780 3038
679 169 755 190 -2-
799 150 903 205 147
943 169 1019 190 Α·

98 247 125 282 α
170 225 396 281 decessor
435 233 600 279 noster
640 229 1020 296 praenominato
1060 224 1237 296 Sergio
1276 225 1600 283 Patriarchae

96 321 125 356 ι
171 305 480 372 percontanti
522 301 776 373 scripsisse
818 304 1143 373 dignoscitur.
1194 319 1219 351 »

107 379 381 432 ⁴-Ioannes
421 378 508 430 IV.
555 379 705 447 igitur
745 381 934 451 anaiysi
981 381 1195 432 instituta
1240 378 1288 431 in
1332 379 1448 448 ipsis
1486 380 1600 433 Ho-

96 455 250 519 norii‚
293 466 398 507 tum
439 454 600 523 Sergii
642 455 903 525 epistolis,
946 457 1153 509 omnino
1195 455 1422 509 decernit
1459 468 1508 509 et
1538 459 1599 510 de

91 530 351 584 voluntate
390 528 572 583 Christi
615 529 836 584 humana
879 533 1018 585 illum
1075 532 1297 586 locutum
1350 549 1476 597 esse,
1535 536 1598 586 ab

90 624 264 678 eoque
296 608 534 677 repulisse
574 607 885 662 voluntatem
934 609 1259 671 contrariam,
1304 609 1348 661 id
1378 621 1450 662 est
1479 627 1598 663 con·

90 685 424 754 cupiscentiae
466 683 692 738 fomitem
719 723 735 754 ‚
786 702 886 736 non
931 703 1051 739 vero
1093 684 1404 739 voluntatem
1446 692 1606 739 πεπυ-

91 760 269 827 raiem3
309 777 467 830 eaque
507 760 567 812 de
608 777 753 814 eausa
794 763 945 814 etiam
987 763 1092 832 ipse
1127 780 1292 815 unam
1351 764 1601 817 volunta-

89 843 193 891 tem
232 833 469 890 decenter
507 844 553 891 ct
594 835 853 892 veraciter
876 835 1159 912 confitetur
1186 834 1241 890 in
1279 845 1488 892 sanctae
1510 835 1602 894 In-

89 910 421 966 carnatiom's
461 909 665 967 Christi
688 909 1092 988 dispensationcg
1116 914 1248 986 quod
1277 914 1480 983 quidem
1510 934 1601 969 ca·-

90 1004 210 1042 vere
242 989 509 1043 debuisset.
553 989 680 1044 Cum
721 992 857 1043 enim
901 990 1037 1042 iiiam
1080 1007 1231 1042 unam
1272 990 1453 1043 Christi
1503 1010 1600 1046 vo-

89 1064 334 1119 luntatem
372 1067 524 1120 etiam
570 1067 672 1137 ipse
714 1066 924 1120 fateatur
966 1068 1022 1127 iis
1061 1068 1390 1135 argumentis,
1419 1068 1600 1138 quibus

87 1137 346 1196 Honorius
389 1144 605 1214 idipsum
646 1144 979 1210 adstruxerat3
1022 1145 1059 1197 si
1104 1144 1184 1195 itta
1229 1145 1466 1213 tantisper
1498 1163 1600 1197 nu-

89 1229 270 1272 tassent
299 1256 316 1287 ,
358 1220 419 1275 de
460 1220 557 1273 fide
595 1222 746 1274 etiam
786 1237 872 1272 sua
915 1221 1187 1273 maximam
1230 1219 1434 1274 Graecis
1475 1221 1598 1273 reii-

92 1296 276 1365 quisset
314 1297 669 1368 suspicionem.
712 1298 776 1348 At
818 1296 866 1349 id
897 1296 1110 1351 loannes
1139 1295 1350 1349 minime
1380 1298 1600 1350 timuisse

87 1373 222 1426 visus
260 1379 373 1440 θεῖς
413 1378 577 1426 certus
616 1390 738 1443 ergo
782 1372 871 1427 suit
911 1373 974 1426 de
1015 1374 1061 1425 vi
1103 1383 1152 1426 et
1191 1373 1400 1426 veritate
1440 1391 1599 1444 argu-

87 1459 375 1502 mentorum
415 1447 655 1516 Honorii3
695 1449 935 1503 de-cuius
977 1450 1180 1520 insuper
1216 1450 1460 1503 sententia
1504 1469 1599 1503 ne·-

86 1524 207 1579 dum
247 1543 310 1579 ex
351 1526 468 1596 ipsis
507 1525 729 1597 epistolis
767 1525 952 1580 certior
991 1527 1147 1580 sactus
1186 1533 1280 1590 est,
1320 1527 1404 1580 sed
1440 1528 1598 1581 etiam

87 1602 151 1654 ab
193 1601 287 1655 iliis
324 1601 444 1673 ipsis
474 1638 490 1667 ‚
557 1603 641 1671 qui
682 1619 765 1655 eas
802 1603 1102 1672 scripserant
1137 1643 1154 1671 ‚
1197 1614 1250 1655 ut
1283 1602 1381 1655 iam
1422 1604 1599 1656 obser-

90 1677 228 1749 vavi.
272 1679 385 1732 Non
428 1682 590 1750 potest
635 1680 788 1748 igitur-
852 1680 1053 1733 loannis
1094 1680 1332 1732 iudicium
1406 1682 1597 1750 respui,

85 1756 212 1808 sicut
251 1772 429 1809 eorum
472 1755 712 1808 iudicium
752 1757 918 1826 sperni
949 1757 1143 1826 nequit,
1170 1756 1255 1825 qui
1286 1757 1470 1809 decreti
1501 1757 1600 1808 aii-

85 1832 228 1885 cuius
264 1849 463 1886 sensum
507 1833 900 1902 interpretantur
933 1869 957 1898 ‚.
994 1833 1298 1901 interrogata
1341 1833 1480 1902 prius
1521 1833 1598 1887 ie-

85 1908 333 1978 gisiatoris
371 1908 676 1971 conscientia
716 1927 736 1977 ς
771 1910 963 1962 etiamsi
998 1910 1134 1962 enim
1175 1909 1431 1963 Honorius
1498 1909 1597 1963 iam

84 1985 344 2039 defunctus
404 1984 552 2038 fuerit
582 2021 599 2051 ‚
658 1987 896 2041 vivebant
965 1996 1145 2039 tamen.
1200 1985 1267 2038 itti
1297 2022 1313 2051 ‚
1380 2000 1597 2055 quorum

85 2068 342 2132 operaet
383 2062 590 2116 consilio
633 2079 747 2118 usus
788 2063 946 2116 suerat
988 2063 1035 2116 in
1078 2062 1446 2119 conscribendis
1485 2065 1599 2134 epi-

84 2138 241 2204 stoiiS‚
284 2139 470 2209 quique
499 2138 786 2193 Romanam
825 2140 1074 2211 synodum
1115 2139 1501 2205 constituebant,
1547 2151 1600 2191 ut

85 2216 320 2285 probavi,
363 2216 576 2268 adducto
623 2215 672 2267 in
735 2217 804 2269 rei
846 2217 1295 2274 confirmationem
1330 2215 1383 2268 S.
1429 2212 1600 2268 Maxi-

86 2292 155 2344 mi
199 2292 503 2346 testimonio.
550 2291 676 2345 Cum
718 2304 883 2346 autem
927 2290 1230 2363 impossibiie
1257 2291 1481 2345 sit-utini
1511 2295 1596 2363 qui

83 2369 344 2438 epistolam
373 2368 692 2422 confecerant
715 2371 1133 2440 scripserantque,
1166 2368 1468 2424 nesciverint
1496 2386 1596 2439 quo

82 2461 229 2499 sensu
270 2462 423 2498 unam
472 2445 783 2499 voluntatem
831 2448 1030 2505 Domini
1076 2447 1185 2500 lesu
1246 2444 1428 2499 Christi
1468 2461 1597 2498 con-

83 2521 193 2574 sessi
236 2521 419 2577 suerint
463 2522 765 2592 impossibiie
807 2522 925 2575 hinc
965 2533 1076 2592 est,
1120 2536 1172 2575 ut
1215 2524 1263 2574 in
1319 2540 1375 2576 ea
1402 2506 1600 2592 Xexpo-

82 2598 248 2654 nenda
326 2598 580 2668 deceptus3
635 2600 693 2652 sit
752 2599 983 2652 ioannes.
1061 2599 1140 2652 De
1192 2610 1372 2653 cetero
1438 2615 1595 2668 argu-

81 2685 248 2727 menta
289 2691 417 2744 quae
446 2676 674 2745 producit
715 2676 763 2728 in
812 2676 1247 2735 confirmationem
1297 2676 1597 2747 interpreta-

82 2751 231 2805 tionis
295 2768 457 2822 suae,
525 2768 750 2822 quaeque
791 2771 852 2806 ex
912 2752 1116 2823 epistola
1159 2754 1321 2823 prima
1387 2754 1596 2807 desum-
