1780 3038
105 302 293 356 cordia.
339 302 486 372 Atqui
530 301 579 354 in
620 301 816 357 Christo
875 304 1099 358 divinam
1161 300 1286 354 inter
1325 299 1374 352 et
1414 298 1601 354 huma-

104 396 223 431 nam
265 378 572 433 voluntatem
592 391 696 431 erat
726 380 870 451 piena
899 379 1186 446 concordia3
1213 395 1335 448 ergo
1364 377 1419 430 in
1449 378 1605 430 Chri-

105 466 179 508 sto
222 455 310 507 suit
350 472 448 507 una
491 455 741 509 voluntas,
788 457 923 526 Ergo
967 457 1014 509 in
1058 454 1322 527 hypothesi
1380 451 1477 507 una
1521 455 1606 508 iila

105 531 335 584 voluntas
375 531 462 584 etsi
504 531 673 585 divina
704 550 803 586 non
845 533 1129 588 excluderet
1170 532 1486 592 voluntatem
1506 529 1608 583 hu·-

86 624 332 673 manain,
363 608 447 661 sed
491 607 784 676 includeret,
826 627 883 662 ea
923 610 1074 662 etiam
1108 610 1322 674 ratione,
1352 609 1465 678 quia
1489 624 1609 661 con-

107 684 276 738 cordia
316 695 366 737 et
404 701 672 738 consensus
710 686 771 739 de
812 685 1035 756 pluribus
1074 686 1275 751 dicitur,
1306 703 1407 739 non
1437 696 1607 737 autem

26 781 28 784 ’
107 761 170 813 de
208 757 429 833 uno,(1)
469 761 533 813 Et
555 779 726 833 reapse
750 763 1150 823 nonnedieimus
1173 779 1262 816 nos
1284 779 1381 814 una
1423 761 1610 815 volun-

107 847 207 890 tate
248 836 448 908 aliquod
478 838 733 892 decretum
777 840 827 891 in
866 838 1101 892 Conciiiis
1123 838 1458 892 oecumenicis
1478 855 1611 910 ‚pro-

108 913 239 979 bari,
280 914 318 966 si
363 913 430 966 iili
473 915 699 968 unanimi
740 917 1203 969 consensuPatres'
1243 910 1610 968 assentiantur?

107 990 290 1044 Nonne
330 990 562 1061 dicimus,
606 992 697 1045 Dei
738 1003 787 1046 et
828 990 1047 1045 hominis
1076 992 1184 1044 iusti
1210 1009 1361 1044 unam
1387 1008 1490 1044 esse
1514 1008 1614 1044 vo-

112 1065 392 1121 luntatem?
433 1066 559 1119 Cum
603 1068 767 1139 itaque
808 1068 1063 1123 Honorius
1102 1086 1255 1121 unam
1306 1067 1613 1128 voiuntatem

109 1143 360 1197 confessus
402 1143 571 1198 suisset
613 1146 663 1196 in
704 1143 924 1207 Christo,
965 1146 1081 1215 quia
1111 1146 1173 1198 ab
1201 1162 1261 1198 eo
1290 1155 1466 1196 natura
1505 1144 1614 1197 sine

109 1219 255 1290 culpa
298 1232 547 1290 assumpta
586 1232 677 1289 est3
716 1221 962 1275 debuisset
1001 1222 1290 1291 semperin
1328 1238 1388 1274 ea
1429 1219 1615 1272 huma-

110 1313 228 1349 nam
271 1297 546 1363 includere,
588 1300 711 1367 quin
752 1297 878 1351 ratio
920 1298 1129 1351 adducta
1184 1308 1425 1362 nutaret3
1467 1307 1616 1367 atque

111 1390 176 1427 ne
216 1373 395 1426 frustra
435 1384 609 1427 contra
649 1374 882 1443 Sergium
923 1384 1359 1444 argumentaretur
1401 1373 1529 1426 inter
1552 1391 1617 1425 u-

111 1461 340 1520 tramque
379 1448 560 1503 Christi
603 1451 913 1505 voluntatem
943 1467 1167 1523 pugnam
1191 1451 1615 1517 introducentem,

112 1537 161 1580 et
201 1526 475 1580 humanam
501 1526 620 1580 hinc
642 1527 1008 1582 excludentem.
1036 1527 1241 1580 Etiamsi
1267 1529 1416 1598 igitur
1437 1526 1497 1580 de
1520 1544 1619 1580 vo·-

112 1602 300 1656 luntate
329 1604 500 1657 divina
527 1604 718 1658 locutus
746 1605 828 1675 sit,
857 1606 1078 1674 sequitur
1105 1622 1220 1657 eum
1244 1604 1403 1657 Cristo
1426 1603 1619 1658 volun-

92 1690 270 1733 vtatem
302 1681 455 1733 etiam
486 1679 762 1734 humanam
793 1682 1041 1747 tribuisse,
1084 1697 1199 1734 cum
1240 1680 1375 1734 hanc
1406 1682 1498 1733 suh
1526 1697 1621 1732 eo-

113 1756 227 1810 dem
255 1757 505 1812 vocabulo
546 1758 608 1811 sit
646 1758 962 1827 complexus;
1004 1758 1137 1828 quod
1168 1757 1494 1821 vocabulum,
1525 1755 1621 1809 hae

117 1833 166 1885 in
190 1832 481 1904 hypothesi,
514 1851 616 1887 non
646 1835 928 1888 faeditatem
958 1834 1272 1906 simpliciter,
1301 1845 1355 1887 ut
1383 1833 1506 1899 dixi,
1535 1833 1621 1885 sed

41 1942 46 1948 -
115 1921 282 1963 actum
305 1920 355 1964 et
375 1913 725 1980 operationem
767 1905 1080 1966 conformem
1111 1911 1330 1981 utriusqe
1353 1909 1623 1965 voluntatis

115 1987 253 2039 dicit.
298 1987 436 2040 Haec
477 1999 644 2041 autem
678 1989 862 2060 protuli
890 2026 906 2056 ,
949 2000 1003 2041 ut
1041 1987 1403 2042 Monothelitas
1441 2004 1502 2038 ex
1545 1985 1623 2039 his

117 2064 284 2117 verbis
322 2064 608 2118 Honorium
639 2065 949 2119 haereticum
991 2066 1303 2119 traducentes
1331 2101 1347 2131 ,
1390 2063 1624 2118 revince-

118 2157 250 2207 rem3
293 2157 394 2194 non
435 2143 566 2211 quod
610 2159 635 2194 a
679 2143 841 2214 prima
880 2143 1122 2196 sententia
1157 2140 1490 2195 recedendum
1519 2156 1624 2192 esse

119 2216 418 2271 existimem.
463 2219 721 2289 Siquidem
765 2220 969 2289 integris
1010 2218 1086 2272 his
1127 2219 1349 2271 numeris
1377 2217 1432 2269 3.
1478 2228 1527 2269 et
1569 2217 1621 2269 4.

49 2345 51 2347 .
120 2291 319 2367 semper
359 2294 579 2365 loquitur
618 2296 680 2350 de
720 2295 941 2348 humana
1008 2295 1188 2349 Christi
1232 2306 1429 2358 natura,
1471 2310 1625 2362 quam

121 2370 240 2422 dicit
278 2388 391 2423 eam
430 2389 556 2439 esse,
596 2390 747 2443 quam
791 2372 964 2425 habuit
1003 2373 1164 2425 Adam
1205 2383 1319 2424 ante
1361 2370 1628 2441 praevari-

122 2446 392 2514 cationem,
433 2446 558 2519 quia
600 2446 840 2504 Christus
885 2447 995 2503 sine
1017 2456 1230 2522 peccato
1270 2453 1538 2518 conceptus
1564 2443 1629 2499 dc

123 2520 332 2596 Spiritu
371 2521 566 2580 Sancto
595 2567 612 2597 ,
653 2523 814 2581 etiam
853 2522 1039 2597 absque
1083 2532 1295 2599 peccalo
1334 2531 1405 2577 est
1439 2529 1630 2596 partus

183 2725 240 2782 (ι)
271 2723 386 2768 Juxta
415 2724 518 2769 hanc
531 2727 814 2785 expositionem
844 2725 1090 2783 interpretari
1122 2740 1325 2784 possemus
1343 2726 1446 2770 ittam
1469 2734 1631 2770 senten-

127 2783 235 2826 tiam:
258 2781 500 2828 Concordem
532 2787 771 2829 voluntatem
804 2786 971 2828 fatemur
985 2783 1145 2829 Domini
1166 2794 1245 2830 etc.
1267 2786 1331 2830 vel
1354 2800 1518 2829 numero
1540 2787 1632 2845 plu-

129 2842 217 2886 rali:
253 2842 468 2887 concordes
499 2846 722 2890 voluntates
754 2846 917 2890 fatemur
949 2853 1027 2889 etc.
