1780 3038
223 333 288 385 to
331 349 356 383 et
403 330 547 385 Hanc
590 331 761 400 igitur,
805 342 858 383 ut
896 331 1085 383 dictum
1125 336 1219 396 est,
1271 330 1572 394 content-io-

71 432 98 466 «
144 427 260 463 nem
303 408 624 477 incipientem
666 408 868 462 accendi
921 408 1144 460 videntes
1170 444 1185 472 ‚
1229 408 1567 459 necessarium

71 508 98 542 (ι
144 485 493 550 iudicavimus,
516 484 705 537 attritas
726 486 888 556 potius
910 485 1208 537 Sanctorum
1234 485 1440 536 Putrum
1473 501 1568 537 vo—

69 587 95 620 «
141 580 243 629 (2433,
284 572 333 614 et
370 561 609 631 synodice
650 562 882 615 definitas
920 578 1120 631 semper
1160 561 1298 632 sequi
1327 597 1343 626 ‚
1384 570 1434 613 et
1474 578 1569 615 ne·-

72 660 99 694 «
141 657 239 709 que
278 655 408 709 quac
450 655 564 691 raro
606 655 633 690 a
674 639 974 709 quibusdam
1002 637 1238 691 Patribus
1277 638 1407 690 dicta
1431 648 1568 702 sunt,

69 739 96 773 «
140 727 189 770 et
232 733 332 769 non
375 714 505 768 circa
549 713 674 767 haec
717 716 1046 769 intentionem
1079 713 1397 780 habentibu5‚
1426 716 1570 784 quasi

70 815 97 850 «
142 790 346 864 planam
402 801 451 843 et
511 791 855 862 inambiguam
897 793 958 845 de
986 792 1057 845 eis
1095 791 1378 844 doctrinam
1417 808 1573 861 expo·

70 889 97 924 «
143 878 337 926 nerent,
379 867 440 920 ad
482 869 710 938 regulam
739 880 786 922 et
811 869 977 938 legem
1017 886 1107 939 per
1148 869 1318 921 omnia
1349 868 1572 937 dogma-

71 967 97 1002 «
144 947 294 999 ticam
333 945 596 1013 reducere3
639 945 786 1015 quale
827 956 899 1001 est
938 956 987 999 et
1025 945 1159 1015 quod
1200 945 1261 999 de
1302 961 1400 997 una
1443 961 1572 1015 ope-

71 1043 98 1079 «
144 1023 338 1076 ratione
380 1022 463 1074 ab.
496 1022 567 1074 eis
635 1023 825 1076 dictum
865 1033 936 1075 est
992 1021 1112 1094 (1);
1163 1039 1325 1091 neque
1392 1021 1573 1074 iterum

71 1119 99 1155 ι(
143 1117 273 1171 quae
315 1098 596 1152 nullatenus
635 1099 765 1153 dicta
795 1111 908 1151 sunt
948 1117 974 1152 a
1017 1098 1364 1169 probabilibus
1404 1099 1574 1150 Patri-

73 1196 99 1231 t(
144 1177 256 1244 bus,
298 1192 431 1228 nunc
462 1193 581 1230 vero
623 1193 649 1228 a
699 1176 996 1247 quibusdam
1038 1175 1363 1245 proferuntur
1392 1212 1409 1241 9
1453 1175 1576 1227 duas

72 1272 99 1308 «
146 1253 350 1324 inquam
391 1253 730 1324 operatione-S,
772 1263 1009 1323 tanquam
1063 1252 1246 1320 dogma
1275 1251 1576 1305 ecclesiasti-

72 1349 99 1384 «
143 1346 259 1383 cum
301 1329 543 1400 proferre.
602 1329 667 1382 Et
714 1330 776 1382 ad
830 1329 1064 1382 ultimum
1104 1330 1236 1381 stetit
1275 1327 1581 1398 ac-placuit‚=

73 1425 100 1462 «
144 1417 388 1477 quatenns
435 1406 716 1476 praedictus
756 1405 1074 1477 Sophronius
1116 1406 1416 1476 venerabilis
1456 1406 1586 1458 ηυί-ἱ

74 1502 101 1538 «
147 1483 251 1536 lum
299 1499 585 1536 sermonem
645 1483 708 1537 de
746 1495 913 1537 cetero
968 1483 1029 1536 de
1073 1500 1168 1535 una
1242 1482 1348 1538 sive
1389 1483 1580 1535 duabus

73 1581 100 1616 ι(
145 1560 521 1632 operationibus
581 1578 792 1615 movere
846 1561 1067 1626 debeat,
1127 1559 1212 1613 sed
1254 1559 1298 1613 ei
1367 1559 1588 1613 sufficiat¹

75 1655 103 1690 (ι
148 1636 369 1709 praefata
395 1673 411 1702 ‚
453 1647 698 1708 cautaque
728 1674 745 1705 ‚
787 1653 845 1690 ac
886 1639 1000 1690 trita
1040 1648 1329 1690 sanctorum
1369 1637 1581 1689 Petrum

78 1726 108 1767 ἀ
153 1725 289 1768 recta
330 1713 528 1766 traditio
560 1751 577 1780 ‚
620 1724 767 1784 atque
791 1715 1020 1768 doctrina
1055 1730 1102 1766 )).

227 1812 252 1846 «
300 1790 392 1843 His
415 1791 579 1861 itaque
600 1802 863 1845 contentus
890 1808 1039 1862 saepe
1069 1790 1358 1843 nominatus
1418 1807 1580 1845 vene-

77 1885 104 1921 «
149 1867 318 1921 rabilis
360 1867 458 1934 vir,
486 1866 683 1922 ethaeo
737 1869 986 1922 custodire
1034 1868 1339 1937 certificans,
1400 1868 1580 1938 petivit

78 1965 104 1999 «
150 1961 240 1999 nos
259 1945 415 1999 etiam
435 1962 525 2015 per
546 1944 809 2016 epistolam
839 1946 899 1999 de
924 1945 999 1998 his
1027 1946 1071 1999 ei
1105 1945 1348 2015 praehere
1377 1961 1585 2014 respon--

79 2039 107 2075 «t
148 2038 281 2091 sum,
311 2031 555 2092 quatenus
578 2021 862 2076 huiusmodi
895 2022 1183 2094 epistolam,
1216 2032 1269 2073 ut
1297 2022 1393 2091 ait,
1410 2037 1588 2074 osten-

80 2118 107 2154 «
151 2098 235 2152 dat
272 2097 372 2165 his,
410 2099 494 2170 qui
525 2099 730 2152 forsitan
761 2100 1074 2169 interrogare
1096 2116 1214 2152 eum
1243 2099 1304 2151 de
1328 2099 1581 2169 praedicta

79 2193 107 2231 (ι
149 2175 443 2246 quaestione
466 2176 740 2241 voluerintf,
769 2177 903 2246 quod
932 2188 981 2230 et
1009 2176 1240 2229 alacriter
1269 2177 1483 2246 egirnuS.
1524 2175 1584 2227 Et

3 2279 13 2318 ,⁴
77 2273 106 2309 (ι
150 2250 238 2306 itte'
265 2252 475 2324 quidem
498 2253 547 2306 in
577 2252 654 2307 his
682 2252 802 2307 hinc
823 2253 1141 2325 enavigavit.

1 2469 8 2484 ,
194 2428 250 2484 (1)
271 2426 381 2472 Haec
413 2426 572 2485 quidem
590 2429 776 2487 periodus
793 2428 1028 2473 contradicit
1047 2427 1229 2472 omnibus
1258 2426 1317 2476 iis,
1340 2440 1441 2482 quac
1471 2440 1587 2485 snpra

0 2485 19 2516 ἕ*
79 2486 240 2544 Sergius
268 2489 448 2546 exposuit
479 2489 528 2530 de
561 2503 634 2532 una
667 2490 707 2531 in
741 2487 896 2532 Christo
934 2489 1163 2545 operatione
1201 2485 1399 2528 credenda
1424 2518 1433 2532 ,
1471 2500 1596 2542 quain-

0 2530 20 2600 ξ”ι
80 2546 294 2590 doctrinam
326 2556 366 2589 et
396 2547 615 2603 profitetur,
640 2555 680 2590 et
701 2547 924 2590 testimonio
956 2546 1137 2603 Gregorii
1161 2543 1329 2603 Nysseiii
1352 2544 1589 2588 confirmare

0 2592 13 2652 ἓ
81 2610 260 2649 conatur.
294 2605 476 2648 Attamen
511 2605 634 2649 latere
667 2606 826 2650 volebat
858 2606 1089 2649 vaferrimus
1121 2605 1297 2647 Graecus
1320 2637 1329 2653 ‚
1371 2610 1409 2644 et
1441 2604 1591 2646 amicus

0 2680 23 2713 ν,
81 2663 205 2714 videri
239 2663 531 2708 ecclesiasticae
564 2665 670 2722 pacis
695 2699 706 2715 ‚
743 2664 833 2707 duin
866 2665 1070 2709 catholicis
1117 2662 1366 2718 dogmatibus
1398 2662 1469 2705 hac
1505 2663 1594 2720 ipsa

0 2723 23 2802 {9
83 2721 246 2782 epistola
278 2736 368 2767 acre
399 2721 546 2767 bellum
576 2723 786 2768 inscrebat.
1594 2737 1607 2746 ··

0 2790 32 3038 ἓ
