1780 3038
110 267 241 322 norii
309 266 708 328 damnationem,
750 272 838 326 etsi
907 290 1052 326 sensu
1119 271 1319 327 diverso
1378 290 1479 343 quo
1519 272 1618 328 lata

110 345 174 398 ab
212 344 551 398 Orientalibus
589 342 717 399 est?
757 348 808 399 Si
856 360 1119 420 postquam
1175 350 1396 404 Romam
1455 349 1619 403 delata

109 432 270 486 sunt,
312 421 488 475 eadem
530 422 742 475 recurrit
782 424 1063 479 difficultas.
1098 428 1205 492 Qui
1247 427 1481 496 deinceps
1508 427 1622 479 Ro-

111 514 224 551 mae
253 496 378 551 baec
432 498 732 552 documenta
788 501 1175 572 corruperunt?
1204 501 1565 556 Monothelitae
1588 499 1622 556 ‘2

109 574 398 644 Numquam
439 574 505 628 ibi
549 574 764 629 luerunt.
808 576 1108 634 Catholici?
1150 591 1419 651 repugnat,
1461 589 1510 632 et
1550 587 1623 633 est

110 661 284 704 contra
311 651 644 722 suppositum.
675 651 894 706 Ulterius
921 672 1021 725 quo
1071 666 1297 727 tempore
1326 656 1450 709 haec
1490 657 1624 710 fraus

110 726 321 780 admissa
376 723 483 781 est?
523 728 658 781 Dum
702 728 769 781 illi
814 730 1042 786 viverent
1079 734 1165 802 qui
1226 733 1470 787 Conciliio
1530 732 1622 785 Vt.

111 800 497 857 interfuerant?
540 805 913 876 Explicandum
957 819 1030 861 est
1087 809 1341 879 quomodo
1407 810 1512 862 Leo
1551 808 1622 863 ΙΙ.

109 878 399 934 Honorium
440 881 774 935 damnaverit.
821 884 940 936 Post
981 896 1195 938 mortem
1238 885 1437 939 illorum
1462 881 1492 938 ⁶?
1533 902 1626 939 ea-

111 956 226 1010 dem
269 958 480 1012 recurrit
507 957 789 1011 difficultas.
822 959 1059 1014 Dicemus
1088 979 1150 1015 ne
1178 969 1287 1015 tum
1317 962 1627 1016 definitionis

109 1043 218 1087 tum
257 1034 496 1106 epistolae
552 1035 821 1106 synodicae
861 1037 1190 1109 exemplaria,
1232 1055 1363 1108 quae
1430 1040 1627 1091 Romae

109 1109 261 1180 legati
302 1127 476 1165 secum
518 1111 810 1179 attt.tlerant‚
853 1114 1079 1183 periisse,
1121 1126 1268 1185 atque
1308 1132 1436 1185 quae
1492 1130 1629 1168 nunc

109 1185 356 1242 hahemus
394 1206 422 1242 e
463 1189 743 1242 Grecorum
785 1189 1041 1244 tabulariis
1093 1191 1352 1261 desumpta
1379 1187 1410 1244 ‘i
1458 1191 1627 1258 Esto;

111 1265 197 1319 sed
235 1265 490 1336 quomodo
532 1265 635 1320 Leo
676 1266 724 1318 11
783 1266 1046 1321 damnavit
1087 1268 1383 1322 Honorium
1410 1323 1411 1326 ,
1442 1267 1480 1319 si
1535 1266 1630 1320 da·-

112 1348 315 1395 mnatus
355 1342 404 1395 in
448 1342 534 1395 vl.
576 1343 772 1414 synodo
814 1359 915 1396 non
958 1343 1049 1397 l'uit
1075 1340 1106 1397 ⁶?
1167 1344 1404 1398 Dicemus
1467 1360 1530 1396 ne
1581 1352 1632 1396 et

113 1416 262 1478 huius
319 1418 551 1491 epistolas
610 1419 688 1473 vel
758 1421 1040 1491 suppositas
1079 1422 1159 1476 vel
1205 1431 1464 1492 corruptas
1489 1416 1519 1473 ‘?
1566 1421 1633 1473 At

113 1513 141 1550 a
180 1496 360 1567 quibus
397 1495 683 1568 suppositae
723 1496 803 1552 vel
845 1508 1112 1568 corruptae
1140 1504 1258 1551 sunt
1281 1494 1311 1551 ‘l
1341 1500 1382 1550 A
1407 1494 1577 1550 latinis
1599 1494 1631 1550 ’ἶ

113 1583 383 1644 repugnat,
424 1586 473 1628 et
504 1585 576 1628 est
615 1585 788 1628 contra
816 1573 1159 1644 hypothesim.
1191 1578 1235 1627 A
1264 1571 1499 1628 Graecis?
1530 1590 1633 1626 non

113 1651 431 1704 damnassent
470 1651 756 1705 Honorium
793 1652 1153 1722 negligentiae,
1200 1652 1284 1705 sed
1326 1650 1564 1704 haeresis,

188 1728 416 1781 Fortasse
458 1739 626 1782 tamen
669 1728 871 1799 plurimi
913 1747 975 1782 ex
1018 1727 1110 1782 hac
1172 1728 1276 1799 ipsa
1307 1728 1545 1799 synodica
1569 1726 1632 1780 ad

112 1803 457 1874 Agathonem,
498 1822 627 1876 quae
669 1816 834 1858 tamen
878 1806 1054 1858 tradita
1096 1805 1256 1859 Leoni
1293 1805 1343 1858 ΙΙ
1374 1805 1486 1875 suit,
1516 1820 1633 1857 cum

116 1881 198 1935 ille
241 1883 427 1936 interea
466 1900 529 1935 ex
570 1880 664 1935 hac
707 1883 808 1937 vita
851 1882 1168 1952 migraverit,
1213 1882 1431 1953 probare
1472 1897 1635 1934 cona-

113 1959 302 2017 buntur
340 1959 718 2027 corruptionem
758 1961 1001 2013 Actorum
1042 1959 1261 2014 Concilii
1307 1959 1395 2028 Vl,
1437 1974 1552 2010 cum
1584 1957 1634 2010 in

115 2053 174 2089 ea
214 2035 482 2089 damnatus
521 2036 716 2089 dicatur
757 2036 1014 2089 Honorius
1054 2037 1115 2090 de
1158 2036 1308 2107 ipsius
1356 2033 1636 2105 Agathonis

114 2114 379 2167 sententia:
415 2132 440 2165 «
467 2111 887 2167 Anathematibus
928 2114 1267 2168 interfecimus
1288 2130 1349 2165 ex
1388 2111 1635 2165 sententia

118 2209 144 2242 «
192 2208 282 2261 per
319 2205 487 2245 sacras
530 2201 716 2243 vestras
757 2190 925 2244 literas
964 2191 1025 2245 de
1068 2191 1126 2243 iis
1168 2190 1304 2260 prius
1335 2187 1431 2240 lata
1462 2185 1636 2240 Theo-

118 2286 144 2322 «
190 2268 372 2321 (lorum
413 2267 707 2338 episcopum
748 2265 987 2339 Pharan,
1028 2267 1263 2337 Sergium
1289 2302 1305 2332 ‚
1346 2264 1635 2318 Honorium

119 2362 147 2397 «
191 2355 286 2398 etc.
337 2362 389 2411 »ς
430 2343 747 2414 exploratum
790 2355 959 2397 autem
1000 2344 1060 2396 sit
1102 2343 1237 2396 hunc
1285 2359 1385 2395 non
1417 2342 1637 2393 damna-

118 2432 223 2474 tum
255 2458 271 2488 ‚
312 2422 397 2474 sed
437 2421 695 2474 defensum
737 2421 800 2474 ab
841 2419 1109 2489 Agathone
1150 2420 1313 2472 fuisse.
1357 2418 1484 2470 Cum
1540 2434 1637 2469 au-

120 2509 220 2550 tem
262 2498 384 2552 adeo
411 2498 727 2568 impudentes
767 2498 869 2554 dici,
907 2497 1085 2550 Graeci
1117 2506 1393 2566 nequeant,
1419 2493 1509 2564 'qui
1544 2493 1635 2563 ipsi

117 2575 352 2646 Romano
396 2575 646 2646 Episcopo
689 2574 887 2629 mentiri
931 2572 1201 2640 voluerint3
1241 2571 1546 2624 concludunt
1573 2570 1636 2637 ab

119 2652 477 2723 interpolatore
516 2652 737 2721 quodam
781 2651 846 2704 ihi
893 2667 1076 2703 nomen
1107 2650 1323 2702 Honori‘t
1357 2649 1634 2715 adiectum,

117 2728 430 2800 proindeque
474 2745 575 2782 non
617 2729 913 2782 damnatum
947 2727 994 2778 in
1030 2727 1113 2780 VI.
1148 2726 1380 2798 §5511on
1413 2744 1472 2779 co
1501 2724 1637 2795 quod
