1780 3038
133 285 368 356 Sergium
409 279 629 354 epistolis
657 323 674 352 ‚
714 301 819 338 esse
869 285 1026 355 ipsam
1086 279 1446 353 professionem
1508 281 1626 336 fidei

130 359 573 424 ChalcedonensiS,
614 365 666 411 et,
703 360 838 431 quod
867 359 1043 425 verba,
1083 359 1263 429 quibus
1301 374 1414 410 eam
1454 359 1633 429 expri-

131 439 244 508 mit,
282 438 329 491 id
368 436 628 501 evincunt3
648 446 697 487 et
735 436 869 507 quod
908 435 1107 490 collatio
1146 451 1261 488 cum
1286 433 1389 504 ipsa
1416 432 1634 488 Chalce-

129 515 336 569 donensi
380 513 479 566 side
521 511 570 563 id
610 511 862 580 adstruit3
903 523 952 566 et
991 512 1125 582 quod
1164 528 1276 564 eam
1318 527 1380 563 ex
1423 511 1631 583 epistola

127 592 410 661 dogmatica
451 589 504 641 S.
548 587 732 645 Leonis
778 590 829 643 1.
873 589 933 642 ad
956 589 1256 643 Flavianum
1279 587 1632 660 desumpserit3

123 679 179 722 et
216 668 350 738 quod
410 663 723 737 Sophronius
763 667 813 719 in
852 682 940 718 sua
979 665 1203 736 Epistola
1244 663 1541 736 Synodica.⁹
1581 676 1632 719 et

128 745 375 798 Martinus
416 742 464 794 in
506 741 731 797 Concilio
790 742 1115 795 Lateranensi
1157 758 1294 795 anno
1350 741 1481 795 649.
1526 758 1632 796 non

129 821 280 874 aliam
323 819 661 887 tradiderint3
703 829 758 873 et·
790 818 926 889 quod
966 818 1171 871 demum
1212 816 1421 873 omnino
1462 836 1490 872 a
1532 818 1632 873 fide

130 898 214 952 illa
254 897 450 951 differat
481 931 497 960 ,
538 912 690 965 quam
730 895 933 966 Sergius
974 894 1025 947 in
1063 911 1152 949 sua
1191 894 1399 966 epistola
1430 934 1448 966 ‚
1489 905 1540 950 et
1580 895 1633 950 in

128 974 327 1028 Hectesi
369 972 649 1044 profitetur.

204 1051 283 1103 Ex
322 1049 400 1103 his
440 1066 560 1104 vero
603 1050 702 1103 iam
760 1047 1029 1119 sequitur,
1062 1046 1197 1118 quod
1235 1047 1454 1102 secundo
1519 1047 1632 1104 loco

70 1158 71 1161 =
129 1126 497 1182 defendendum
539 1125 829 1196 aggredior,
869 1124 1155 1178 Honorium
1194 1124 1379 1178 scilicet
1436 1142 1634 1197 propu-

129 1222 306 1275 gnasse
345 1204 466 1257 duas
507 1201 557 1254 in
597 1202 792 1256 Christo
834 1200 1131 1257 voluntates.
1175 1201 1434 1270 Siquidem
1461 1202 1633 1255 omni-

131 1299 199 1337 no
242 1280 466 1335 decernit
495 1279 808 1332 retinendam
847 1294 951 1330 esse
975 1277 1125 1331 lidem
1147 1275 1632 1350 Chalcedonensem‚

131 1364 185 1414 et
225 1356 530 1430 promendas
569 1356 691 1408 duas
732 1355 781 1407 in
822 1352 1019 1407 Christo
1061 1364 1263 1407 naturas
1329 1355 1547 1425 integras
1585 1367 1635 1409 et

131 1435 380 1508 perlectas
420 1434 471 1486 in
511 1433 700 1486 unitate
741 1447 984 1503 personae
1024 1430 1245 1484 divinae.
1302 1431 1426 1495 Quis
1465 1442 1634 1487 autem

134 1513 187 1565 in
227 1511 437 1565 dubium
477 1526 718 1564 revocare
758 1507 939 1579 poterit
978 1525 1040 1560 ex
1081 1505 1177 1560 hac
1217 1506 1331 1561 fidei
1373 1509 1638 1579 professio-

130 1606 196 1643 ne
236 1586 511 1642 necessario
550 1586 688 1657 sequi
729 1585 851 1638 duas
891 1584 1219 1638 admittendas
1246 1601 1350 1639 esse
1391 1585 1440 1637 in
1482 1584 1635 1638 Chri-

132 1677 209 1720 sto
251 1664 553 1733 voluntateS‚
597 1681 659 1717 ne
698 1662 736 1716 si
778 1660 1076 1715 humanitati
1117 1678 1258 1714 suain
1318 1661 1634 1717 voluntatem

131 1758 398 1813 negemus„
439 1758 499 1794 ea
542 1740 734 1810 integra
775 1755 878 1792 non
917 1738 998 1807 sit,
1041 1754 1156 1791 cum
1222 1738 1516 1792 destituatur
1557 1739 1636 1793 sa·-

127 1819 317 1874 cultate
340 1817 605 1870 intrinseca
629 1828 678 1871 et
701 1810 1010 1870 necessaria?
1030 1811 1106 1888 (l)
1129 1816 1215 1882 At,
1246 1814 1458 1886 inquies:
1483 1815 1636 1870 etiam

122 1893 499 1951 Monothelitae
540 1893 693 1947 sidem
731 1890 1194 1946 Chalcedonensem
1254 1892 1587 1946 admittebant
1621 1911 1639 1961 3

132 1982 184 2027 et
223 1983 388 2026 tamen
430 1972 553 2025 duas
593 1970 875 2025 voluntates
915 1969 964 2021 in
1006 1967 1205 2022 Christo
1261 1969 1530 2039 negabant.
1574 1972 1639 2022 At

132 2050 218 2120 qui
261 2049 350 2102 ista
392 2046 519 2101 mihi
560 2047 753 2117 obiicis‚
795 2046 994 2099 fatearis
1034 2054 1252 2116 oportet,
1301 2046 1457 2100 verbo
1498 2056 1640 2100 tenus

134 2126 387 2180 admisisse
427 2123 784 2178 Monothelitas
824 2122 979 2175 fidem
1017 2121 1503 2190 Chalcedonensem‚
1535 2139 1639 2177 non

137 2213 306 2257 autem
347 2219 539 2271 reapse.
582 2201 719 2253 Dum
759 2199 896 2254 enim
937 2200 1106 2252 Patres
1155 2197 1472 2253 Chalcedone
1511 2215 1640 2253 con-

122 2315 125 2318 -
136 2281 328 2350 gregati
354 2278 655 2332 definierunt
678 2273 947 2331 Christum
971 2272 1262 2349 perfectum
1310 2271 1366 2329 in
1410 2271 1597 2331 deitate
1621 2317 1639 2347 ‚

136 2363 182 2411 el
213 2354 500 2430 perfectum
538 2352 596 2408 in
636 2350 985 2423 humanitate,
1025 2351 1201 2406 Deum
1241 2370 1447 2422 verum,
1470 2360 1517 2407 et
1539 2349 1640 2406 lto-

137 2431 335 2488 minem
373 2449 557 2487 verum
598 2431 924 2500 definierunt,
966 2445 1059 2482 nec
1099 2446 1184 2496 ne,
1225 2427 1479 2483 Christum
1537 2427 1638 2484 ho·-

198 2583 254 2641 (1]
287 2581 427 2627 Merito
459 2583 524 2640 qui
556 2580 736 2626 recitavit
765 2592 982 2624 sermonem
998 2578 1310 2623 acclamatorium
1342 2576 1391 2622 ad
1423 2576 1641 2637 Imperato-

139 2657 221 2687 rem
253 2643 294 2686 in
325 2642 502 2688 Concilio
532 2640 596 2685 Vl.
633 2640 744 2684 dixit:
779 2638 897 2685 Nihil
926 2638 1027 2682 enim
1072 2637 1186 2682 aliud
1214 2636 1416 2683 constituit
1448 2636 1642 2683 humanae

138 2701 382 2753 substantiae
410 2699 692 2759 incomitatam,
727 2698 804 2742 nisi
821 2696 1037 2742 essentialis
1055 2695 1253 2750 voluntas,
1283 2711 1356 2755 per
1387 2710 1504 2754 quam
1529 2697 1643 2743 liberi

141 2760 301 2805 arbitrii
329 2760 441 2819 viqor
470 2759 511 2803 in
535 2758 646 2803 nobis
666 2757 911 2821 desiqnatur.
