1780 3038
139 183 186 236 id
225 193 315 235 est:
357 180 480 234 haec
520 178 741 245 Christus
781 171 985 248 protulit
1027 186 1286 243 tamquam
1327 173 1506 244 homo,
1545 175 1632 246 qui

135 278 187 313 se
226 258 450 310 subiiciat
490 256 689 308 divinae
729 252 991 306 voluntati.

213 335 286 387 De
326 351 419 402 qua
461 330 672 384 Honorii
699 338 862 379 mente
908 326 1160 396 quomodo
1202 327 1428 380 dubitare
1459 344 1638 398 possu-

136 428 246 462 mus
276 427 386 462 cum
413 410 514 477 ipse
542 408 649 459 ideo
672 404 940 456 contendat
985 402 1063 453 iila
1089 402 1233 455 fuisse
1255 404 1639 473 dispensationis

136 485 452 538 humanitatis
493 492 792 550 assumptae,
817 490 869 530 ut
899 496 986 531 nos
1008 479 1238 531 edoceret
1261 479 1486 532 Christus
1507 498 1641 550 qua-

137 569 280 614 tenus
323 559 630 612 voluntatem
696 556 919 608 divinam
982 566 1176 608 nostrae
1243 552 1638 625 praeferamus?

135 637 284 700 Quod
330 652 448 688 vero
495 631 784 702 exemplum
826 632 1057 698 dedisset,
1098 633 1135 683 si
1178 632 1368 685 nullam
1427 631 1640 685 habuis-

134 724 205 764 set
249 713 351 783 ipse
393 709 730 774 voluntatem,
772 724 923 776 quam
967 708 1125 760 Patris
1184 707 1501 776 posthaberet
1541 725 1640 762 vo·-

132 782 343 839 luntati‘?
402 787 534 838 Hinc
577 785 654 836 itta
701 784 952 847 voiuntaS‚
995 801 1147 854 quam
1189 783 1413 837 Christus
1477 785 1639 837 Patris

133 863 450 932 beneplacito
519 862 835 931 postposuit,
878 860 968 911 ruit
1040 861 1267 915 voluntas
1320 861 1514 927 divina,
1558 861 1638 914 vel

132 939 378 1004 humana;
412 939 579 990 divina
609 954 713 989 esse
760 954 859 988 non
885 947 1100 1007 poterat,
1126 947 1178 988 ut
1209 947 1359 1007 patet3
1400 955 1523 1006 ergo
1549 936 1640 990 fuit

131 1014 372 1081 humana3
395 1032 517 1084 ergo
541 1015 589 1065 in
613 1013 809 1065 Christo
837 1013 1094 1066 Honorius
1118 1014 1426 1067 voluntatem
1452 1013 1640 1066 huma-

134 1109 249 1144 nam
279 1093 469 1144 disertis
500 1091 661 1142 verbis
688 1089 937 1142 confessus
964 1100 1052 1142 est.
1085 1092 1246 1159 Atque
1271 1089 1388 1142 hinc
1416 1090 1641 1159 sequitur

132 1169 304 1234 etiam,
329 1167 460 1237 quod
481 1167 517 1219 si
541 1167 601 1219 de
623 1165 843 1218 humana
869 1166 1120 1219 voluntate
1143 1166 1334 1219 locutus
1354 1183 1454 1218 non
1478 1167 1644 1220 suisset

132 1245 183 1296 in
224 1246 372 1296 citato
415 1243 722 1308 testimoni0‚
765 1242 1049 1295 nuliatenus
1089 1244 1148 1295 ad
1191 1243 1351 1312 Sergii
1419 1243 1640 1295 difficul-

137 1331 291 1373 tatem
331 1319 682 1391 respondisset;
719 1320 859 1388 quia,
903 1336 1019 1371 cum
1063 1320 1111 1371 in
1153 1301 1425 1390 hypothesi
1487 1317 1641 1372 Chri-.-
1688 1315 1691 1319 ’

130 1407 230 1449 stus
270 1396 581 1451 voluntatem
621 1395 899 1447 humanam
941 1412 1041 1448 non
1077 1395 1352 1463 habuisset,
1396 1413 1498 1448 non
1542 1413 1644 1465 po-

135 1482 260 1526 terat
293 1473 614 1540 concludere,
651 1489 766 1523 eam
805 1489 906 1525 non
950 1471 1097 1525 fuisse
1138 1473 1342 1526 divinae
1391 1472 1640 1526 voluntati

129 1549 456 1615 contrariam3
495 1565 613 1602 cum
651 1549 783 1618 quod
828 1565 927 1601 non
969 1549 1155 1616 existit,
1197 1549 1308 1601 Deo
1351 1560 1486 1602 certe
1512 1565 1641 1601 con-

131 1626 339 1677 trarium
377 1642 484 1677 esse
546 1642 645 1677 non
691 1625 863 1695 possit.
907 1625 968 1676 Et
1008 1624 1135 1679 haec
1181 1625 1388 1697 quidem
1429 1641 1491 1678 ex
1535 1625 1638 1696 ipsa

135 1701 329 1772 anaiysi
371 1700 696 1771 epistolarum
735 1702 972 1755 Honorii.
1547 1707 1550 1710 “

205 1781 435 1830 Attamen
467 1778 568 1848 ipsa
599 1777 724 1829 ratio
754 1777 991 1848 loquendi
1025 1776 1479 1832 Monothelitarum
1507 1778 1640 1832 circa

129 1870 354 1925 pugnam
399 1854 756 1921 voluntatum,
810 1855 887 1907 vel
937 1854 1069 1906 circa
1120 1855 1390 1908 voluntatis
1457 1853 1638 1909 Christi

130 1931 374 1983 unitatem
415 1930 463 1981 in
505 1947 648 1983 causa
690 1941 782 2001 est,
824 1948 978 2000 quare
1018 1931 1258 1984 dicendus
1283 1932 1347 1985 sit
1374 1932 1633 1986 Honorius

130 2005 354 2076 ipsorum
412 2008 659 2059 sententia
719 2006 1052 2060 abhorruisse.
1115 2008 1278 2060 Nemo
1333 2009 1468 2060 enim
1510 2007 1637 2060 mihi

129 2098 315 2151 negare
344 2084 524 2152 poterit
551 2101 636 2136 eos
681 2084 1165 2153 argumentationem
1219 2084 1347 2136 illius
1399 2085 1460 2136 ad
1514 2101 1639 2155 pro-

132 2158 350 2211 handam
397 2176 550 2211 unam
592 2158 902 2213 voluntatem
934 2162 981 2212 in
1023 2160 1219 2214 Christo
1261 2160 1367 2213 fore
1409 2171 1460 2213 ut
1488 2160 1639 2214 adhi-

129 2235 371 2300 buissent,
415 2236 453 2288 si
498 2235 668 2302 aliquo
710 2247 852 2307 pacto
875 2236 1195 2289 credidissent
1235 2250 1533 2305 argumenta
1574 2238 1638 2290 ab

129 2327 190 2363 eo
232 2311 377 2363 allata
420 2312 480 2363 ad
525 2311 971 2366 Monothelismum
1014 2324 1144 2365 recta
1190 2314 1482 2382 perducere.
1524 2314 1637 2378 Qua

130 2387 270 2439 enim
310 2388 371 2440 de
411 2405 558 2441 causa
599 2389 736 2441 abusi
778 2390 884 2442 eius
924 2389 1130 2442 nomine
1178 2389 1380 2447 fuissent
1421 2400 1472 2442 ut
1513 2408 1636 2460 pro-

131 2473 414 2531 pugnarent
454 2481 606 2516 unam
651 2465 699 2516 in
728 2465 926 2518 Christo
969 2464 1305 2533 voluntatem,
1335 2467 1638 2535 sprevissent

131 2556 252 2592 vero
294 2551 588 2608 argumenta
632 2541 711 2593 iila
754 2542 973 2611 plurima
1044 2542 1107 2593 ab
1174 2542 1279 2612 ipso
1341 2542 1488 2594 allata
1520 2583 1538 2613 ‚
1581 2548 1636 2596 ut

133 2613 263 2667 illius
301 2615 554 2685 dogmatis
592 2615 856 2672 veritatem
878 2613 1314 2671 demonstrarent?
1343 2619 1476 2682 Quin
1507 2619 1631 2683 ima,

134 2706 233 2760 qua
275 2689 336 2746 de
377 2701 524 2746 causa
583 2705 880 2765 argumenta
920 2694 1235 2749 e·diamctro
1285 2695 1511 2766 opposita
1553 2707 1634 2748 at-
