1780 3038
682 170 758 180 -—-
798 142 907 196 205
950 171 1025 181 --

108 225 301 287 gotum,
332 213 409 270 vel
451 212 636 285 aliquid
666 215 874 271 delinire
900 235 1016 272 cum
1044 217 1149 271 eius
1176 216 1480 283 adsistentia,
1504 217 1603 271 nisi

108 298 274 364 patres
313 291 686 360 coniungantur
726 310 842 346 cum
883 295 1135 348 Ecclesiae
1171 295 1332 365 capite
1373 295 1607 347 Romano

107 369 352 422 Pontifice
393 383 493 419 non
535 377 779 436 quatenus
841 370 1111 424 infallibilis
1149 382 1220 425 est
1259 368 1429 443 (hanc
1470 371 1609 422 enim

109 446 371 498 veritatem
413 443 462 494 in
505 444 898 513 praesentiarum
948 448 1125 500 omitto
1190 465 1252 500 ne
1320 463 1610 517 supponere

110 521 284 574 videar
322 519 454 590 quod
498 519 546 571 in
588 524 878 588 quaestione
909 531 1160 589 versatur,
1190 535 1238 577 et
1278 523 1410 594 quod
1443 521 1609 576 adhuc

108 597 302 652 deliniri
345 597 405 649 de
446 596 544 649 side
587 595 798 670 debet);
838 599 920 651 sed
980 610 1222 669 quatenus
1259 612 1330 653 est
1359 598 1612 653 Ecclesiae

108 685 279 746 capnt,
322 673 525 726 unitatis
565 683 613 725 et
654 673 766 726 fidei
798 673 1074 729 catholicae
1102 688 1353 742 centrum,
1384 676 1613 729 omnium

107 750 496 804 christianorum
539 759 679 819 pater
718 761 865 821 atque
928 752 1179 821 magister.
1224 753 1454 806 Defende
1511 751 1613 805 sci-

108 826 267 894 licet,
308 825 585 880 nullimode
626 826 886 897 episcopos
928 828 978 879 in
1020 827 1254 882 Conciliis
1278 827 1615 883 oecumenicis

109 914 443 974 congregatos
484 901 844 956 infallibilitatis
885 905 1242 975 praerogativa
1293 905 1477 958 muniri
1513 942 1528 971 ,
1572 904 1612 957 si

111 980 302 1052 aliquid
342 979 611 1046 deliniant,
635 990 951 1050 statuamque
980 982 1351 1035 contradicente
1379 982 1614 1035 Romano

108 1057 357 1112 Pontifice
397 1066 821 1126 etrepugnante3
862 1056 958 1110 hoc
999 1058 1133 1110 enim
1170 1058 1217 1110 in
1260 1075 1373 1111 casu
1400 1098 1416 1128 ‚
1460 1058 1571 1111 dico
1597 1098 1617 1130 ‚

112 1135 244 1207 ipsos
271 1133 573 1187 adssistentia
602 1133 816 1204 Spiritus
836 1133 1005 1187 Sancti
1040 1134 1259 1200 destitui,
1283 1152 1434 1205 quam
1466 1133 1619 1187 Chri-

111 1222 213 1266 stus
239 1214 410 1281 utique
438 1208 665 1281 promisit
695 1209 946 1264 Ecclesiae
986 1211 1135 1282 capiti
1160 1228 1249 1266 suo
1290 1211 1616 1280 coniunctae,

112 1305 214 1343 non
257 1305 377 1343 vero
417 1295 674 1358 separatae
726 1297 775 1340 et
827 1286 1078 1341 divulsae.

187 1365 265 1418 Ex
304 1380 401 1436 qua
442 1364 684 1417 sententia
726 1381 827 1417 non
869 1365 1111 1435 sequitur,
1152 1372 1206 1416 ut
1236 1363 1439 1435 quisque
1462 1362 1621 1430 videt,

112 1440 334 1496 Concilia
374 1440 696 1494 oecumenica
735 1458 904 1494 errare
943 1441 1234 1512 simpliciter
1294 1451 1343 1495 et
1400 1438 1623 1494 absolute

112 1519 164 1572 in
207 1517 301 1572 side
340 1534 503 1588 posse,
550 1517 635 1573 sed
666 1518 1014 1572 tantummodo
1043 1520 1080 1571 si
1113 1517 1300 1587 aliquid
1328 1517 1620 1584 decernant,

112 1595 192 1650 cui
233 1595 540 1650 contradicat
581 1604 751 1665 aperte
797 1595 1060 1649 Romanus
1098 1594 1331 1649 Pontifex
1376 1606 1525 1665 caput
1574 1604 1624 1646 et

113 1673 302 1744 primas
340 1673 603 1727 universae
642 1670 899 1743 ecclesiae,
933 1672 1039 1725 sine
1079 1689 1178 1743 quo
1210 1671 1404 1723 nullum
1446 1670 1623 1724 conci-

113 1750 237 1804 lium
279 1749 558 1819 legitimum
589 1789 606 1820 ‚
646 1759 697 1803 et
741 1749 1122 1803 oecumenicum
1152 1748 1319 1803 vocari
1351 1757 1510 1820 potest
1538 1756 1623 1800 aut

117 1828 284 1894 debet,
308 1836 361 1879 ut
401 1835 553 1897 patet.
817 1830 819 1832 ’

189 1903 327 1958 Haec
357 1920 506 1974 porro
552 1901 817 1969 sententia,
840 1902 928 1956 etsi
971 1900 1103 1974 apud
1125 1899 1394 1955 catholicos
1421 1916 1615 1967 omnes,

117 1991 165 2034 et
203 1997 566 2052 quoscumque,
595 1979 678 2050 qui
720 1979 972 2033 Ecclesiae
1005 1979 1407 2033 constitutionem
1437 1977 1528 2031 rite
1554 1976 1627 2029 in-

117 2057 368 2129 telligant,
409 2057 682 2111 certissima
712 2054 977 2127 habeatur,
1009 2066 1057 2110 et
1086 2055 1296 2127 proinde
1327 2055 1624 2126 probatione

116 2153 218 2189 non
261 2135 503 2204 indigeat3
547 2144 714 2187 tamen
755 2133 959 2188 maioris
1000 2133 1364 2205 perspicuitatis
1410 2130 1569 2201 gratia
1603 2164 1622 2197 ‚

117 2230 230 2266 eam
271 2211 493 2266 breviter
532 2228 805 2280 exponam.

193 2288 469 2342 Ecclesiam
511 2305 538 2340 a
579 2286 777 2340 Christo
818 2295 1159 2357 comparatam
1201 2284 1429 2339 aedificio
1470 2299 1574 2337 esse
1604 2321 1625 2350 9

119 2365 260 2418 cuius
299 2365 678 2418 fundamentum
719 2364 779 2417 sit
819 2365 1014 2425 PetruS‚
1057 2368 1107 2416 et,
1147 2362 1356 2433 proinde
1404 2360 1622 2414 Romani

119 2442 389 2496 Pontifices
430 2442 534 2494 eius
576 2441 624 2493 in
666 2440 968 2512 Episcopatu
1010 2449 1058 2492 et
1106 2439 1329 2492 Primatu
1371 2453 1628 2490 successo-

121 2536 219 2588 reS‚
260 2518 519 2574 evidenter
558 2517 818 2571 deducitur
855 2535 916 2570 ex
957 2513 1136 2568 Matth.
1180 2514 1318 2567 XVI.
1371 2511 1481 2575 18„
1522 2529 1625 2582 quo

121 2594 344 2648 Christus
386 2595 449 2647 ita
490 2595 698 2647 Petrum
739 2594 1025 2663 alloquitur:
1071 2613 1097 2646 «
1145 2590 1218 2643 Tu
1259 2607 1310 2643 es
1350 2590 1548 2650 Petrus,
1577 2598 1627 2642 et

126 2689 152 2724 «
196 2689 345 2743 super
385 2670 514 2725 hanc
555 2683 747 2741 petram
789 2668 1062 2724 aedificabo
1104 2667 1377 2722 Ecclesiam
1434 2682 1625 2736 meam,

127 2766 153 2801 (ι
198 2758 246 2802 et
285 2758 457 2821 portae
499 2748 642 2802 inseri
684 2765 784 2803 non
826 2745 1184 2819 praevalebunt
1226 2745 1463 2801 adversus
1488 2758 1637 2819 eam.>
