1780 3038
259 264 542 317 Honorium
610 261 836 327 miserit,
878 261 927 311 in
966 278 1063 331 qua
1103 256 1401 311 catholicam
1449 254 1599 309 fidem
1629 263 1761 310 con*—

262 351 336 393 tra
403 336 756 391 Monothelitas
794 337 996 406 egregie
1040 345 1222 388 tuetur.
1291 333 1481 396 Quarto
1531 331 1760 400 demum,

260 418 375 485 quia
418 415 533 484 Cyri
577 413 833 466 historiam
896 412 1052 482 illam,
1077 428 1162 466 seu
1205 410 1364 478 magis
1430 407 1647 461 fabulam
1699 409 1762 462 de

263 490 588 561 Eutychianis
628 490 689 541 ad
730 487 1003 540 Ecclesiam
1045 490 1106 540 ab
1146 503 1205 538 eo
1249 486 1514 551 revocatiS‚
1558 485 1619 537 de
1661 502 1762 554 qua

263 569 480 619 maxime
520 564 734 617 celatum
800 564 1084 617 Honorium
1126 563 1386 632 oportuit,
1429 578 1491 614 ne
1531 561 1764 620 fraudem

260 641 690 712 praesentisceret,
733 640 935 708 Sergius
978 639 1199 710 profecto
1242 655 1342 690 non
1386 638 1661 702 narravit,
1712 649 1764 691 et

262 731 426 771 tamen
466 727 600 769 extat
629 717 677 768 in
700 715 929 786 epistola,
958 733 1085 785 quae
1108 715 1267 783 Sergii
1302 730 1484 766 nomen
1518 714 1755 783 praefert.

337 796 497 863 Atque
539 792 662 845 haec
703 802 816 844 sunt
857 802 1151 862 argumenta
1193 791 1386 854 omnia,
1435 792 1615 860 quibus
1642 808 1765 843 eru-

259 870 528 922 ditissimus
594 869 872 939 Episcopus
913 869 1092 939 probat
1132 866 1294 935 Sergii
1355 866 1635 936 Epistolam
1675 883 1767 937 per

258 944 613 999 Monothelitas
654 945 798 997 fuisse
839 956 1151 1014 corruptam,
1193 953 1246 994 ut
1286 943 1615 1012 responderet
1654 944 1765 997 Re-

258 1024 442 1091 scripto
483 1022 696 1074 Honorii
739 1021 800 1072 ab
843 1022 1014 1074 iisdem
1056 1016 1246 1092 pariter
1286 1029 1544 1089 corrupto·

334 1098 399 1150 Ut
440 1098 624 1167 itaque,
669 1098 801 1149 iuxta
834 1098 1019 1168 ingenii
1063 1097 1158 1150 mei
1190 1095 1522 1164 exiguitatem
1545 1103 1764 1167 respon-

259 1174 453 1241 deam3
493 1175 530 1226 si
571 1173 680 1244 quis
721 1174 781 1225 ab
824 1174 963 1228 initio
1004 1172 1349 1244 disputationis
1409 1183 1663 1241 negaret,
1707 1182 1764 1226 ut

263 1250 550 1320 negandum
589 1267 691 1303 esse
734 1250 938 1304 inferius
969 1248 1344 1315 demonstrabO,
1373 1247 1608 1318 epistolas
1645 1249 1763 1302 Ηό-

260 1327 389 1379 norii
434 1326 577 1378 luisse
617 1345 644 1380 a
686 1326 1025 1380 monothelitis
1063 1335 1344 1396 corruptam,
1367 1341 1550 1395 easque
1577 1343 1606 1378 e
1632 1342 1764 1380 con-

263 1412 337 1455 tra
377 1403 620 1472 genuinas
658 1413 708 1455 et
747 1405 954 1458 omnino
997 1404 1214 1473 integras
1271 1418 1375 1454 esse
1422 1402 1760 1470 defenderet3

263 1495 431 1533 nonne
493 1480 725 1532 universa
764 1475 1086 1533 eruditissimi
1128 1477 1365 1550 Episcopi
1405 1478 1765 1547 demonstratio

262 1565 538 1615 corrueret,
580 1572 696 1608 eum
737 1556 870 1623 finis,
911 1557 1054 1610 euius
1094 1556 1253 1626 gratia
1276 1564 1512 1626 corrupta
1552 1555 1767 1628 epistola

262 1631 421 1701 Sergii
462 1633 758 1702 supponitur
797 1633 1005 1687 veritate
1070 1633 1291 1704 qualibet
1355 1633 1614 1686 destitutus
1668 1651 1767 1704 ap-

263 1705 489 1777 pareret?
529 1709 780 1763 Resutatio
820 1710 1030 1782 proinde
1058 1709 1183 1763 haee
1207 1709 1393 1763 inutitis
1426 1709 1631 1769 sortasse
1668 1710 1768 1764 ali-

261 1784 339 1836 cui
381 1785 540 1838 videri
583 1786 755 1855 possit,
797 1803 911 1839 eum
939 1804 1035 1857 ego
1076 1786 1434 1840 dissertationis
1463 1784 1612 1840 huius
1639 1804 1766 1857 pro-

262 1877 430 1930 gressu
472 1862 804 1931 integritatem
843 1863 1167 1934 epistolarum
1208 1863 1423 1918 Honorii
1452 1863 1546 1916 sim
1586 1864 1766 1917 desen-

258 1953 417 1989 surus.
480 1937 731 2002 Quoniam
790 1957 910 1994 vero
980 1940 1102 1993 mihi
1146 1939 1243 1994 hoc
1287 1941 1338 1993 in
1378 1940 1543 2010 capite
1604 1941 1764 1994 multa

262 2013 468 2066 dicenda
510 2024 800 2082 occurrunt,
842 2033 969 2086 quae
1008 2034 1208 2088 eorum,
1251 2034 1382 2087 quae
1428 2016 1555 2069 infra
1588 2017 1766 2088 dispu-

263 2099 453 2142 taturus
510 2108 597 2144 ero
657 2091 866 2144 claritati
932 2094 1175 2148 inservire
1216 2103 1474 2165 poterunt3
1516 2092 1637 2146 hine
1677 2111 1768 2147 ar·-

262 2176 497 2232 gumenta
566 2167 836 2239 proferam,
876 2187 938 2222 ex
978 2171 1157 2241 quibus
1198 2171 1457 2242 integritas
1520 2170 1766 2242 epistolae

267 2241 418 2296 huius
457 2243 734 2297 evincatur.

335 2318 399 2371 Et
443 2320 491 2371 1.
536 2319 869 2383 Quandonam
910 2320 1034 2376 haec
1074 2324 1235 2394 Sergii
1275 2322 1486 2395 epistola
1526 2328 1766 2396 corrupta

261 2390 386 2447 fuit?
426 2397 708 2465 Antequam
746 2398 965 2451 Romam
1006 2400 1067 2453 ad
1107 2401 1395 2455 Honorium
1436 2399 1717 2454 mitteretur
1747 2438 1765 2468 ‚

265 2470 343 2522 vel
384 2467 586 2540 postea?
627 2474 690 2526 At
729 2491 831 2527 non
871 2476 1016 2530 fuisse
1056 2488 1348 2549 corruptam
1391 2487 1664 2547 antequam
1702 2479 1768 2532 ad

262 2544 545 2601 Honorium
586 2553 864 2604 mitteretur
922 2554 1255 2607 certissimum
1293 2563 1388 2621 est3
1440 2554 1608 2625 primo
1646 2554 1769 2625 qu'i-

262 2620 378 2674 dem
415 2640 478 2677 ex
514 2627 874 2696 suppositione3
921 2645 1037 2683 cum
1067 2630 1178 2685 ideo
1201 2648 1229 2684 a
1255 2630 1605 2685 Monothelitis
1643 2647 1767 2685 cor-

265 2707 408 2768 rupta
472 2700 663 2755 dicatur
692 2739 709 2769 ‚
750 2714 804 2757 ut
843 2706 1165 2776 responderet
1223 2707 1486 2778 Rescripto
1542 2707 1763 2763 'Honorii

266 2773 328 2825 ab
369 2774 483 2844 ipsis
504 2777 692 2847 pariter
712 2791 971 2852 corrupt03
1000 2800 1122 2853 ergo
1153 2783 1512 2840 monothelitae
1544 2794 1767 2857 >pastae--
