1780 3038
81 254 110 301 ,tt
153 238 359 294 nitatem
386 255 502 294 cum
530 241 790 298 divinitate
811 246 873 298 de
912 242 1052 299 coelo
1079 239 1404 310 descendisse3
1433 247 1587 313 atque

84 334 111 369 α
156 317 208 368 in
233 334 349 370 eum
377 317 586 371 modum
617 336 794 373 eorum
829 337 956 392 quae
989 328 1163 374 natura
1195 319 1362 372 insunt
1390 319 1589 388 utrique

81 410 108 445 «t
155 404 362 447 naturae
387 394 533 448 unius
554 393 736 448 Christi
777 414 834 451 ac
858 397 999 467 Filii,
1024 413 1273 449 summam
1298 394 1587 465 reciproca-

81 488 107 523 «
155 470 365 534 tionem,
388 486 516 540 quae
556 481 627 524 est
649 490 738 543 per
765 473 1237 538 commutationem,
1272 471 1585 536 ostendisset,

79 564 109 600 a
151 546 407 614 subiungit
446 547 634 601 dicens:
680 546 824 604 Unde
861 558 909 605 et
949 568 1114 604 uitam
1153 543 1380 603 Domini
1417 544 1591 602 nostri

79 641 107 676 a
151 619 271 676 Iesu
312 618 515 677 Christi
551 621 872 680 volantatem
914 623 1248 700 confite-mur.
1274 625 1508 688 Quonam
1539 624 1590 677 id

86 715 113 749 «
159 693 347 752 modo‘?
371 695 514 769 Quia
548 700 784 774 prolecto
815 721 849 757 a
868 699 1059 757 deitate
1086 707 1356 777 assumpta
1384 707 1456 754 est
1485 718 1591 754 na·—

81 790 107 826 α
153 780 278 838 tura
315 781 499 830 nostra
537 796 643 832 non
671 774 847 852 calpa,
878 778 975 833 boc
1003 788 1096 848 est,
1129 794 1229 830 non
1259 795 1319 830 ex
1361 787 1591 848 peceat03

82 867 109 902 α
155 849 291 904 velut
332 851 464 905 idem
506 853 608 907 fere
648 853 880 924 loquatur
919 872 977 909 ac
1017 871 1231 925 magnus
1260 852 1587 923 Athanasius,

79 946 106 981 α
152 927 273 981 dum
314 928 551 983 adversus
591 930 802 1002 impium
830 932 1201 1003 Apollinarium
1243 928 1367 983 haec
1394 930 1587 984 scribit:

79 1020 106 1056 a
155 1001 325 1059 Natus
344 1013 415 1060 est
441 1024 507 1060 ex
545 1008 783 1075 nzaliere,
812 1027 878 1063 esc
912 1006 1092 1083 prima
1109 1003 1459 1081 plasmatione
1490 1002 1591 1061 ko-

149 1077 313 1134 minis
350 1077 451 1135 sibi
486 1078 723 1157 formam
764 1082 1020 1151 excitam,
1051 1082 1108 1138 in
1136 1080 1422 1137 ostensione
1461 1100 1591 1136 car-

148 1153 232 1211 nis
270 1153 457 1229 absque
496 1157 798 1215 carnalibus
835 1156 1212 1225 voluntatibus,
1252 1166 1300 1213 et
1340 1155 1591 1218 humanis

147 1228 547 1305 coyitationibus
591 1233 648 1290 in
705 1234 936 1310 imaqine
998 1232 1267 1291 novitatis.
1339 1232 1592 1289 Voluntas

146 1307 288 1364 enim
346 1308 457 1365 sola
514 1308 815 1368 divinitatis
852 1321 925 1368 est
955 1353 973 1385 ,
1032 1309 1159 1383 qnia
1217 1318 1419 1365 natura
1478 1317 1590 1366 tota

147 1395 221 1442 est
283 1384 604 1443 divinitatis.
666 1390 795 1443 Nam
847 1390 965 1461 quia
1027 1388 1179 1443 Verbi
1239 1398 1447 1459 propter
1496 1405 1589 1442 nos

149 1464 363 1518 carnalis
403 1466 675 1519 nativitatis
714 1467 997 1538 progressio
1039 1465 1283 1536 superiori
1325 1465 1469 1519 nobis
1500 1482 1588 1517 ra-

152 1540 287 1595 tione
326 1542 486 1594 extitit
529 1543 649 1616 (non
681 1544 817 1596 enim
872 1543 1135 1596 libidinosa
1178 1541 1342 1595 earnis
1400 1540 1592 1595 volun-

147 1627 218 1686 tas
258 1623 345 1671 aut
383 1620 626 1689 cogitatio
668 1621 955 1691 praecessit,
1007 1629 1062 1673 ut
1101 1620 1153 1672 in
1207 1618 1353 1671 nobis
1392 1618 1591 1689 conspi-

145 1695 295 1765 citur,
325 1696 391 1749 ob
441 1696 753 1768 voluptatem
793 1697 985 1751 scilicet
1014 1713 1072 1749 ac
1122 1695 1405 1760 libidinem,
1461 1711 1590 1764 quae

148 1788 212 1825 ex
235 1772 524 1826 seductione
566 1785 774 1826 naturae
816 1774 1130 1840 dominatur3
1169 1771 1253 1825 sed
1283 1770 1387 1824 sola
1428 1770 1583 1824 deita-

146 1847 206 1901 tis
244 1847 476 1902 voluntas
501 1889 518 1920 ‚
561 1867 653 1920 per
712 1850 900 1903 Filium
943 1851 1106 1921 ipsum
1138 1886 1154 1910 ,
1196 1848 1266 1900 uti
1310 1847 1537 1901 dicebam
1563 1889 1581 1916 ‚

146 1941 391 1995 propensa
434 1928 591 1979 Patris
631 1926 891 1981 voluntate
930 1937 979 1980 et
1019 1927 1233 1997 Spiritus
1273 1924 1440 1977 Sancti
1464 1942 1590 1979 coo-

142 2003 399 2070 peratione
430 2039 446 2068 ‚
487 2003 577 2056 sibi
621 2014 878 2058 auctorem
919 2004 1155 2074 assumpti
1196 2001 1421 2072 corporis
1446 2038 1463 2068 5
1533 2002 1586 2054 in

139 2077 301 2148 seipso
341 2096 399 2132 ac
439 2097 530 2150 per
567 2080 806 2152 seipsum,
848 2098 965 2133 eum
991 2117 1007 2146 ,
1049 2080 1132 2150 qui
1174 2089 1382 2131 naturae
1424 2077 1591 2131 inoie-

147 2165 287 2208 verat
327 2156 598 2210 nativitatis
637 2157 844 2211 modum
871 2193 888 2224 ,
932 2158 1258 2210 innovantem
1289 2191 1305 2221 ,
1346 2171 1588 2225 suamque

147 2231 334 2302 absque
374 2234 564 2287 semine
604 2251 665 2287 ex
706 2234 888 2287 Sancta
931 2233 1022 2286 Dei
1065 2233 1320 2286 Genitrice
1358 2248 1589 2302 semper-

148 2323 246 2376 que
286 2308 495 2379 Virgiue
534 2310 696 2363 Maria
751 2311 1135 2381 conceptionem
1196 2317 1528 2379 praestantem
1567 2305 1586 2381 )

146 2381 277 2437 hanc
315 2386 500 2446 scilicet
522 2404 733 2441 arcanae
764 2387 998 2457 nullaque
1040 2386 1088 2439 vi
1119 2386 1390 2440 verborum
1419 2384 1587 2455 expli-

147 2461 320 2515 cabiiis
359 2463 629 2516 nativitatis
656 2465 902 2517 rationem
930 2462 1298 2516 considerantes
1320 2478 1337 2528 3
1363 2460 1443 2513 itte
1470 2461 1587 2531 qui-

148 2537 286 2591 dem:
329 2541 651 2595 voluntatem
692 2539 862 2595 solam
902 2537 1112 2594 deitatis
1151 2536 1206 2592 in
1247 2557 1304 2592 eo
1333 2537 1475 2604 dixi13
1504 2536 1586 2589 hic

150 2630 314 2684 vero,
371 2614 694 2671 volantatem
734 2635 902 2671 unam
950 2612 1178 2670 Domini
1240 2611 1411 2668 nostri
1467 2611 1588 2668 Iesu

149 2685 374 2765 Christi,
413 2692 538 2765 qaia
575 2690 829 2767 profecto,
873 2693 1032 2763 inquit
1063 2729 1079 2759 ,
1121 2710 1154 2745 a
1181 2688 1455 2746 divinitate
1495 2708 1586 2745 as-

73 1095 106 1668 22222225

72 1709 102 2603 ‘222222222222

74 2631 104 2738 ἔμ’-ἴ
