1780 3038
229 268 458 338 probaret
489 304 505 330 ,
553 266 672 318 duas
714 265 763 315 iu
804 263 998 316 Christo
1038 277 1141 313 esse
1180 257 1414 332 dicendas
1459 257 1712 331 operatio-

227 362 313 396 nes
336 342 423 415 (Γ).
454 340 551 395 Ille
573 350 745 394 civitem
778 337 873 393 hoc
897 336 1070 412 facere
1097 331 1302 407 penitus
1322 353 1427 388 non
1449 330 1632 387 valuit.

299 420 362 470 Et
413 418 529 487 quid
576 417 706 468 aliud
753 432 902 484 quain
966 409 1334 465 monothelismi
1363 410 1712 463 confirmatio-

227 512 342 547 nem
388 504 543 563 optat,
590 509 704 545 eum
744 491 977 554 affirmat,
1003 489 1239 540 Mennam
1281 487 1709 556 praedecessorem

223 586 366 621 suum
407 569 559 620 multa
612 569 906 625 Sanctorum
940 567 1146 622 Patrum
1195 563 1473 616 testimonia
1503 563 1712 616 recitare

225 647 284 697 de
325 662 419 696 una
475 642 653 696 Christi
705 643 958 697 voluntat-e
998 651 1046 693 et
1088 639 1378 710 operatione
1433 639 1482 690 in
1542 638 1710 693 libello

222 720 502 788 dogmatico
557 757 572 786 ,
620 736 772 788 quem
814 717 1089 787 porrexisse
1145 715 1263 767 dicit
1308 714 1494 783 Vigilio
1540 715 1710 786 Papae

222 795 646 865 Constantinopoli
671 788 1324 847 tunc-commoranti?Haec
1345 801 1478 843 certe
1506 790 1715 846 demon-

219 882 394 937 strant,
445 872 653 925 voluisse
680 889 798 925 eum
825 869 971 922 talem
1011 868 1259 921 conficere
1298 867 1559 937 epistolam
1590 904 1608 934 ,
1648 886 1711 923 ex

225 964 321 1015 qua
363 949 635 1019 perciperet
661 947 935 1010 Honorius,
965 945 1194 1016 antiquos
1235 943 1484 996 Ecclesiae
1514 944 1708 1012 PatreS,

219 1034 363 1092 atque
402 1023 501 1076 sere
535 1024 815 1086 universam
848 1021 1225 1075 ecclesiasticam
1267 1020 1584 1072 traditionem
1631 1021 1716 1074 fa·-

220 1117 337 1151 vere
387 1101 585 1169 quidem
614 1099 842 1168 -dogrnati
891 1099 953 1151 de
992 1115 1089 1152 una
1138 1098 1187 1149 in
1216 1095 1412 1148 Christo
1455 1095 1711 1152 voluntate

219 1185 267 1226 et
320 1177 630 1244 operatione;
680 1192 959 1246 repugnare
1006 1191 1127 1228 vero
1174 1174 1447 1228 sententiae
1478 1210 1521 1239 ,Η
1554 1191 1707 1243 quam

220 1252 436 1320 primum
477 1252 754 1305 defendisse·
793 1251 1134 1321 sophronium
1180 1249 1345 1315 dicit,
1390 1249 1451 1302 de
1491 1250 1709 1310 *duabus

218 1329 585 1396 operationibus
622 1338 671 1380 et
711 1327 1062 1382 voluntatibus.
1107 1326 1203 1389 Qui
1254 1337 1420 1379 autem
1461 1324 1586 1380 haec
1612 1344 1708 1398 pro

215 1420 303 1455 sua
343 1405 582 1457 sententia
624 1405 826 1460 statuit,
874 1404 991 1474 quid
1039 1402 1171 1455 aliud
1216 1401 1342 1469 vult,
1386 1401 1478 1454 nisi
1527 1412 1582 1456 ut
1623 1403 1706 1458 illa

216 1479 420 1547 quiden)
461 1490 722 1547 statuatur3
764 1480 915 1532 altera
959 1496 1101 1544 vero,
1154 1478 1328 1531 saltem
1384 1477 1582 1534 silentio
1623 1480 1707 1534 in·-

215 1556 366 1622 dieto,
421 1573 448 1608 a
489 1556 601 1610 fidei
652 1556 952 1625 professione
1001 1550 1284 1608 eximatur?

288 1631 453 1696 Quod,
504 1644 556 1684 ut
595 1631 770 1685 melius
815 1632 1028 1701 Sergius⁴
1062 1632 1123 1686 ab
1175 1631 1405 1685 Honorio
1461 1632 1706 1704 impetra-

212 1716 307 1771 ret,
329 1709 624 1761 extrinsecas
650 1708 1039 1761 circumstantias
1072 1708 1121 1760 in
1151 1707 1393 1761 auxilium
1436 1726 1582 1763 suum
1610 1711 1706 1764 ad·-

214 1791 380 1849 vocat,
405 1796 456 1836 ut
477 1803 536 1838 ex
561 1786 618 1836 iis
639 1785 810 1838 saltem
840 1785 1097 1837 Romanus
1123 1785 1354 1838 Pontifex
1384 1785 1703 1859 intelligeret,

212 1875 363 1927 quam
385 1862 655 1914 necessario
680 1861 975 1914 vocabulum
998 1862 1143 1914 unius
1165 1861 1468 1931 operationis
1489 1863 1704 1918 retinen-

211 1937 331 1986 dum
362 1949 505 2002 esset,
541 1948 588 1990 et
628 1949 812 2006 quanto
841 1953 956 1990 cuin
985 1937 1206 2008 periculo
1235 1938 1579 2009 repelleretur.

284 2013 327 2063 Α
368 2013 612 2082 principio
640 2014 776 2065 enirn
817 2014 1053 2079 affirmat,
1109 2015 1257 2067 talem
1300 2031 1476 2069 vocem
1503 2016 1566 2069 ab
1593 2015 1704 2084 Im-

212 2099 437 2154 peratore
462 2091 679 2157 primum
701 2089 937 2159 prodiisse
962 2091 1069 2144 viro
1092 2090 1527 2162 planeratholico:
1551 2089 1703 2147 Piis-

206 2158 341 2216 sima
365 2160 472 2218 eius
492 2184 553 2217 ac
582 2162 768 2235 reqalis
796 2164 1387 2238 inaquam-mitem„quae
1418 2165 1585 2223 etiam
1610 2165 1702 2224 di-

207 2234 455 2293 vinorum
506 2238 810 2310 domnacum
858 2239 1163 2315 locupletari
1200 2241 1418 2298 scientia
1456 2242 1698 2318 meruit,

207 2323 345 2368 recca
385 2324 533 2386 alque
574 2315 917 2371 immaculata
954 2317 1178 2390 protulit
1226 2317 1519 2392 doqmata,
1560 2318 1702 2378 inter

206 2408 334 2457 quae
375 2400 423 2444 eb
459 2390 615 2446 unius
653 2391 972 2465 operationis
1012 2394 1212 2450 Christ-i
1248 2394 1363 2450 veri
1387 2395 1494 2453 Dei
1514 2395 1702 2454 Nostri
1778 2427 1780 2465 j

205 2463 514 2522 mencionem
550 2465 688 2543 fecit.
734 2471 1063 2525 Praevidebat
1110 2474 1246 2526 enim
1288 2472 1443 2528 homo
1493 2476 1698 2534 astutis-
1777 2480 1780 2482 ’

203 2540 373 2607 simus,
422 2562 522 2596 non
575 2546 698 2598 adeo
747 2546 888 2598 facile
928 2548 1223 2602 damnatum
1266 2550 1324 2602 iri
1367 2550 1697 2622 Imperatoris
1776 2590 1780 2617 .·

202 2620 514 2685 sententiani,
543 2622 625 2691 qui
678 2622 740 2674 ab
780 2625 1012 2677 omnibus
1061 2627 1392 2696 undequaque
1420 2627 1697 2683 catholicus

205 2689 495 2762 habebatur,
536 2710 584 2749 et
634 2714 805 2769 reapse
834 2711 960 2768 erat3
995 2703 1289 2773 praesertim
1311 2720 1427 2757 cum
1449 2705 1510 2759 de
1533 2722 1696 2776 quac-

205 2824 372 2936 pst-ritu)
391 2825 552 2871 inferius
568 2828 747 2873 indicabo
766 2845 841 2888 quo
863 2842 978 2877 sensu
989 2833 1085 2879 haec
1100 2834 1260 2895 Sergius
1284 2835 1332 2881 de
1350 2835 1568 2896 Sophronia
1589 2832 1699 2883 scti-
