1780 3038
741 167 1043 220 ...64-

670 329 960 399 CAPUT
1040 327 1097 395 V.

325 491 490 526 BINAE
515 490 814 523 EPIST‘JLAE
852 487 1088 523 nONonH
1115 486 1187 522 AD
1210 485 1458 524 SERGIUM

396 536 651 573 CPTANUM
676 536 979 572 EPISCOPUM
1006 535 1384 575 RECITANTUR.

215 648 281 710 Ut
318 655 453 711 omni
495 655 650 708 animi
690 655 974 708 sinceritate
1003 654 1052 706 in
1083 663 1395 725 praesentem
1435 665 1649 711 contro-

138 735 353 790 versiam
394 733 736 785 tractationem
778 732 1053 798 instituam,
1096 732 1161 784 ob
1201 732 1371 785 oculos
1399 731 1655 802 lectorum,

139 811 345 863 subiicio
385 809 525 861 binas
563 809 712 861 etiam
770 808 984 862 Honorii
1026 807 1088 860 ad
1129 807 1364 877 Sergium
1417 809 1645 863 Patriar-

139 885 285 939 cham
325 884 574 955 epistolam,
617 895 670 936 ut
712 885 825 937 inde
865 885 1072 954 quisque
1125 884 1313 954 videat,
1355 894 1403 939 et
1443 903 1506 939 an
1548 886 1648 939 fal-

138 980 247 1016 sum
307 962 423 1031 quid
483 978 578 1030 ego
637 961 913 1031 proferam,
955 970 1004 1013 et
1044 977 1106 1013 an
1148 978 1321 1031 reapse
1386 961 1650 1016 Honorius

138 1057 166 1092 a
207 1037 582 1091 monothelitico
622 1039 682 1090 sit
723 1037 958 1090 immunis
998 1053 1189 1091 errore.
1235 1038 1285 1089 Si
1328 1039 1466 1091 enim
1509 1041 1652 1093 testi-

140 1115 309 1167 monia
350 1114 595 1183 quaedam
635 1131 697 1166 ex
738 1114 831 1167 illis
895 1124 1127 1183 excerpta
1178 1116 1528 1168 tantummodo
1569 1117 1652 1169 ci-

138 1201 316 1259 tarem3
356 1190 531 1261 aliquis
570 1190 771 1244 fortasse
811 1192 1164 1262 suspicaretur,
1221 1209 1303 1244 me
1343 1209 1401 1244 ea
1442 1192 1652 1262 quidem

138 1284 265 1337 quae
306 1267 474 1320 favere
540 1267 793 1334 videntur,
836 1269 886 1319 in
928 1268 1150 1321 medium
1192 1268 1499 1338 protulisse3
1541 1286 1647 1324 non

140 1360 263 1397 vero
304 1360 431 1413 quae
471 1343 796 1396 adversantur
823 1344 1072 1398 Honorio.
1118 1344 1284 1407 Quam
1311 1345 1652 1415 suspicionem

138 1419 344 1472 omnino
385 1420 550 1473 abesse
590 1420 834 1475 desidero,
877 1421 1067 1475 Iuverit
1138 1422 1340 1492 insuper
1379 1420 1469 1475 has
1511 1423 1647 1477 inte-

138 1513 252 1566 gras
316 1495 500 1549 referre
563 1497 793 1567 epistolas
824 1534 840 1563 ,
884 1508 935 1549 ut
977 1498 1091 1551 inde
1131 1499 1287 1551 lector
1352 1498 1646 1570 percipiat.‚

139 1583 321 1641 quanta
361 1589 475 1625 cum
515 1574 722 1627 veritate
761 1591 856 1644 ego
897 1574 1184 1636 defendam,
1226 1575 1400 1628 Patres
1459 1576 1651 1630 Orien-

142 1647 261 1701 tales
302 1649 351 1700 in
393 1647 617 1702 Concilio
682 1649 768 1702 VI.
813 1668 1001 1705 errasse
1044 1652 1093 1704 in
1136 1653 1264 1706 sacto
1312 1652 1599 1723 dogmatico
1630 1690 1649 1723 ,

143 1724 262 1776 dum
303 1742 386 1777 eas
424 1734 478 1777 ut
517 1725 794 1779 haereticas
834 1727 1141 1781 abiecerunt.

215 1801 297 1853 Sic
338 1801 500 1871 itaque
542 1802 702 1872 prima
745 1821 795 1856 se
836 1802 1004 1857 habet.
1050 1801 1123 1876 (1)

297 1877 345 1929 1.
391 1895 417 1929 ε(
462 1878 653 1949 Scripta
695 1879 1011 1934 fraternitatis
1052 1895 1244 1935 vestrae
1291 1882 1600 1953 suscepimus
1630 1920 1651 1952 ‚

143 1970 171 2004 «
215 1970 304 2023 per
342 1970 468 2022 quae
508 1957 850 2011 contentiones
889 1958 1152 2027 quasdam,
1182 1966 1232 2012 et
1259 1976 1418 2014 novas
1459 1978 1645 2015 vocum

144 2046 169 2079 (ι
216 2031 524 2098 quaestiones
562 2034 894 2102 cognovimus
936 2035 1242 2088 introductas
1283 2054 1374 2107 per
1414 2035 1648 2107 Sophro-

145 2122 170 2155 «
218 2105 356 2157 nium
397 2109 662 2176 quemdam
705 2119 819 2162 tunc
863 2110 1192 2179 Monachum,
1234 2129 1369 2166 nunc
1424 2130 1544 2166 vero
1585 2132 1649 2167 ex

144 2197 170 2231 «
216 2182 385 2234 auditu
426 2185 730 2255 Episcopum
792 2187 1280 2259 Hierosolymitanae
1333 2189 1481 2243 Urbis
1519 2207 1649 2244 con-

144 2273 171 2306 «
215 2258 458 2326 stitutum,
501 2262 734 2314 adversus
774 2263 976 2317 fratrem
1018 2278 1245 2318 nostrum
1303 2264 1494 2336 Cyrum
1534 2267 1650 2321 Ate-

143 2350 170 2382 «
214 2335 452 2388 xandriae
491 2339 798 2407 Antistitem‚
842 2358 994 2393 unam
1035 2344 1381 2412 operationem
1436 2343 1646 2397 Domini

146 2425 172 2459 «
217 2410 378 2462 Nostri
420 2413 529 2465 Iesu
570 2413 751 2467 Christi
793 2418 1046 2471 conversis
1086 2437 1147 2472 ex
1188 2416 1380 2472 haeresi
1442 2421 1648 2490 praedi-

145 2501 172 2535 «
216 2496 428 2538 cantem.
491 2489 586 2553 Qui
648 2492 862 2562 denique
902 2495 963 2546 ad
1006 2505 1222 2559 vest-ram
1285 2495 1646 2551 fraternitatem

148 2579 174 2613 α
218 2560 528 2633 Sophronias
567 2567 794 2643 venienS,
834 2570 1193 2643 querelamque
1220 2569 1507 2628 huiusmodi
1554 2574 1650 2628 de-

199 2709 273 2765 (¹).
305 2709 421 2779 Exstat
450 2715 550 2772 apud
576 2716 790 2778 *Batonium
822 2720 870 2764 ad
903 2733 967 2764 an.
994 2720 1095 2775 6333
1132 2731 1213 2767 tum
1235 2722 1340 2783 apud
1363 2722 1491 2769 Labb.
1525 2722 1642 2769 Tom-

143 2765 209 2811 vl.
244 2771 394 2815 Concil.
430 2774 519 2817 Act.
555 2774 645 2820 xli.
680 2776 844 2822 Concilii
878 2779 943 2824 vl.
