1780 3038
729 214 811 240 μ·-
849 186 960 242 223
1003 218 1076 230 -·-

142 256 343 312 'defendi
386 267 576 328 potest,
604 258 884 317 Concilium
930 265 1012 318 vt.
1054 264 1174 319 dum
1216 265 1500 320 Honorium
1541 262 1639 317 da-

143 335 371 400 mnabat,
395 347 783 404 repraesentasse
811 342 1095 395 universam
1123 342 1304 396 Christi
1348 342 1644 404 Ecclesiam,

144 422 195 464 et
233 422 594 479 consequenter
633 417 1012 470 oecumenicum
1054 418 1197 472 luisse
1229 459 1244 488 ,
1287 429 1335 472 et
1378 417 1649 471 infallibilis

145 488 453 542 auctoritatis
479 483 510 539 ἶ)
551 487 601 539 Si
644 489 840 558 Agatho
869 530 884 561 ‚
925 493 963 544 si
1024 495 1240 548 universi
1301 491 1648 548 occidentales

142 564 377 635 Episcopi
420 563 646 617 Concilio
691 565 1042 634 interfuissent,
1073 581 1122 623 et
1163 573 1416 642 proposito
1457 571 1648 642 episto-

142 637 307 711 larum
369 640 568 693 illarum
607 643 860 708 examine,
903 662 984 696 eas
1026 646 1173 715 plane
1213 646 1460 701 catholico
1500 664 1646 700 sensu

142 733 246 770 esse
286 717 603 787 accipiendas
643 719 956 787 probassent,
987 721 1154 791 inique
1197 723 1303 775 illas
1334 724 1648 777 condemna-

141 792 202 851 ri,
226 793 482 858 dixissent,
504 798 556 846 et
613 796 1008 863 repugnantibus
1046 799 1249 853 Graecis
1279 836 1296 865 ‚
1338 800 1398 853 de
1439 799 1645 870 Synodo

142 869 376 924 exiissent
413 869 782 936 OccidentaleS,
823 871 1139 927 damnassent
1180 893 1300 928 vero
1367 875 1648 930 Orlentales

142 946 491 1001 tantummodo
531 945 818 999 Honorium
845 984 861 1014 ,
903 949 1104 1019 eiusque
1143 951 1394 1023 epistolas3
1435 968 1645 1022 quaero:

139 1035 303 1094 posset
344 1041 405 1076 ne
445 1023 541 1076 dici
595 1024 836 1076 sententia
881 1024 961 1077 illa
1005 1026 1100 1080 lata
1142 1046 1168 1080 a
1211 1029 1437 1082 Concilio
1488 1045 1646 1082 oecu-

140 1101 339 1153 menico
371 1136 388 1165 ,
427 1112 477 1153 ct
514 1116 630 1153 cum
672 1100 882 1170 Spiritus
925 1102 1091 1157 Sancti
1133 1105 1411 1158 adsistentia
1443 1100 1473 1156 ’ἶ
1514 1106 1645 1158 Pro--

142 1175 272 1230 iectu
312 1177 408 1230 dici
452 1193 553 1229 non
595 1187 778 1247 posset.
843 1177 980 1246 Ergo
1040 1197 1066 1232 a
1110 1182 1215 1251 pari
1272 1199 1387 1234 cum
1442 1179 1646 1234 Graecis

140 1252 399 1306 manifesta
440 1263 566 1306 esset
607 1265 711 1305 tum
763 1254 970 1307 intentio
1010 1255 1451 1325 RomanaelSedis
1481 1292 1497 1318 ,
1539 1271 1644 1310 tum

130 1329 290 1384 'totius
312 1328 564 1384 Ecclesiae
591 1329 925 1384 Occidentalis
945 1332 1076 1386 circa
1110 1333 1229 1386 illud
1260 1334 1538 1404 negotium,
1569 1330 1647 1407 (l)

192 1478 258 1538 (ἲ)
290 1479 479 1526 iudicium
510 1477 781 1526 Occidentalis
803 1480 949 1540 Synodi
976 1479 1083 1525 idem
1099 1482 1215 1527 luisse
1236 1497 1283 1528 ac
1303 1480 1519 1539 Agatlionis
1549 1481 1648 1526 iudi·

135 1537 239 1582 cium
258 1546 363 1598 patet
395 1540 498 1583 Lex
519 1539 820 1597 qttoetep³stola
847 1538 1162 1596 haecAgathonis
1193 1543 1348 1585 nomine
1379 1542 1519 1600 scripta
1554 1543 1646 1585 fue—

136 1600 200 1642 rit:
216 1598 370 1656 Ayatto
386 1597 602 1656 Episcopus
614 1612 746 1642 servas
757 1613 954 1644 sav-vorum
971 1599 1059 1649 nei,
1085 1616 1168 1643 cum
1183 1600 1367 1645 universis
1382 1600 1558 1657 Synodis
1577 1616 1645 1643 su-

139 1656 376 1701 ‘iacentibus
417 1657 582 1700 concilio
629 1657 884 1713 Apostolicae
921 1658 1053 1701 Sedis.
1090 1658 1131 1701 2.
1167 1660 1255 1716 quia
1303 1659 1351 1702 de
1383 1659 1459 1701 fide
1491 1658 1644 1702 Roma-

136 1730 277 1760 :rorum
312 1716 540 1760 Pontificum
587 1715 685 1759 haec
731 1717 879 1761 dicunt:
917 1735 935 1757 ι
971 1717 1175 1761 Credimus
1220 1725 1348 1761 autem
1400 1717 1492 1773 quia
1536 1717 1641 1773 quod
1706 1765 1709 1769 ‚

140 1793 160 1815 α
192 1774 329 1833 paucis
361 1789 524 1832 raroque
553 1788 781 1818 concessum
817 1785 898 1825 est,
949 1791 968 1819 a
1004 1773 1087 1818 Deo
1130 1784 1312 1819 coronato
1331 1783 1458 1818 vestro
1478 1776 1639 1832 imperio

139 1851 159 1874 «
190 1833 382 1878 divinitus
413 1831 667 1889 concedatur,
700 1842 742 1876 ut
773 1848 843 1891 per
876 1835 998 1893 ipsum
1021 1834 1236 1878 catholicae
1257 1843 1376 1891 atque
1399 1834 1637 1890 apostolicae

139 1910 159 1933 ι
193 1905 311 1935 verae
339 1899 498 1935 nostrae
529 1891 618 1934 fidei
648 1892 1005 1950 splendidissimum
1038 1894 1074 1936 in
1106 1894 1276 1936 omnium
1309 1892 1502 1936 mentibus
1532 1893 1640 1935 emi-

139 1968 157 1989 «
189 1959 258 1993 cet
290 1951 434 2002 lumem
467 1949 570 2008 quod
602 1965 650 1994 ex
682 1953 763 1995 veri
798 1952 952 1996 luminis
983 1953 1088 1996 fonte
1120 1960 1306 2010 tanquam
1340 1950 1388 1994 de
1421 1951 1528 1994 radio
1568 1953 1639 1994 vi-

139 2027 158 2050 «
193 2009 300 2052 vilici
336 2009 509 2065 fulgoris,
548 2023 616 2066 per
647 2011 845 2054 ministros
877 2010 1013 2054 beatos
1047 2010 1199 2054 Petrum
1247 2017 1288 2053 et
1329 2009 1488 2053 Paulum
1521 2007 1638 2067 Apo-

138 2086 156 2109 «
187 2067 378 2111 stolorum
413 2067 627 2126 Principes,
664 2083 875 2127 eorumque
908 2069 1122 2127 discipulos
1156 2077 1196 2111 et
1217 2068 1452 2126 apostolicos
1470 2080 1638 2110 succes-

139 2142 157 2166 «
189 2141 314 2175 sores.
350 2126 540 2183 gradatim
574 2141 698 2184 usque
728 2128 775 2171 ad
810 2136 978 2171 nostram
1013 2128 1259 2186 parvitatem.
1288 2125 1358 2171 Dei
1381 2126 1637 2186 opitulatione

137 2201 157 2224 ι
185 2194 384 2229 servatum
415 2193 491 2237 est,
525 2186 627 2229 nulla
660 2187 847 2230 baeretici
880 2189 1022 2230 erroris
1047 2194 1142 2229 tetra
1166 2186 1334 2242 caligine
1357 2185 1601 2229 tenebratum
1621 2219 1632 2236 ,

137 2259 154 2284 ι
190 2257 267 2288 nec
299 2245 477 2288 salsitatis
508 2245 661 2288 nebulis
694 2245 995 2296 confoedatum,
1043 2259 1115 2288 nec
1149 2244 1382 2287 intermixtis
1427 2242 1636 2287 haereticis

137 2319 156 2342 ι
191 2303 452 2360 pravitatibus
482 2303 592 2347 velut
633 2304 857 2360 caliginosis
888 2303 1040 2347 nebulis
1087 2302 1383 2361 perumbratum
1405 2335 1415 2351 ‚
1464 2302 1635 2346 immune

135 2378 156 2402 u
189 2368 309 2419 atquc
339 2363 548 2412 sincerum,
582 2369 623 2410 et
652 2367 731 2406 suis
763 2363 881 2406 radiis
914 2362 1185 2421 perlustratum
1215 2394 1225 2410 ‚
1261 2361 1442 2418 piissimis
1472 2360 1636 2402 conati-

137 2438 157 2460 «
192 2421 267 2464 bus
294 2429 529 2465 conservare
561 2423 668 2478 cupit
690 2429 874 2465 'vestrum
907 2435 927 2463 a
963 2419 1046 2463 Deo
1078 2428 1309 2462 coronatum
1343 2419 1553 2475 fastigium.
1589 2416 1632 2461 ln

136 2496 156 2519 «ι
192 2479 268 2524 hoc
299 2481 400 2524 enim
435 2488 510 2523 tam
544 2479 782 2538 apostolicae
812 2479 941 2529 Sedis,
977 2492 1170 2536 quamque
1202 2478 1321 2520 nostri
1354 2477 1485 2534 exigui
1509 2476 1632 2519 samu·

137 2556 156 2578 ιι
192 2537 291 2582 latus
322 2537 647 2596 praedecessores
676 2552 798 2596 usque
830 2537 956 2581 adhuc
988 2552 1064 2580 non
1096 2537 1179 2580 sine
1225 2535 1407 2593 periculis
1454 2533 1631 2578 desuda-

135 2614 155 2637 «
192 2606 295 2646 runt,
329 2611 432 2639 nunc
463 2595 651 2640 decretali
683 2597 1105 2640 commonitionecum
1128 2592 1352 2652 apostolicis
1376 2592 1631 2637 Pontificibus

136 2673 156 2696 α
191 2655 468 2706 consulentes,
504 2670 606 2698 nunc
636 2655 824 2713 Synodali
857 2653 1086 2697 delinitione
1112 2687 1121 2703 ‚
1155 2666 1255 2709 quae
1288 2652 1463 2695 veritatis
1494 2652 1628 2707 regula

135 2733 154 2754 ιι
192 2714 419 2758 continebat
449 2714 628 2757 omnibus
659 2715 963 2763 innotescentes;
998 2721 1038 2755 et
1071 2713 1254 2754 terminos
1282 2726 1379 2768 quos
1411 2708 1629 2766 transgredi

134 2791 154 2813 «
189 2774 298 2817 nefas
328 2781 387 2815 est
411 2806 420 2823 ‚
475 2786 596 2830 usque
626 2772 674 2816 ad
706 2774 858 2815 animae
889 2771 1007 2828 ipsius
1038 2770 1180 2812 exitum
1217 2778 1443 2813 constanter
1475 2769 1629 2812 deleu-

126 2849 155 2874 ·«
189 2831 341 2884 dentes,
377 2844 453 2876 non
484 2831 635 2876 seducti
667 2830 880 2885 blanditiis,
915 2843 989 2873 non
1022 2828 1203 2887 periculis
1235 2829 1359 2873 territi
1391 2837 1468 2872 etc.
1507 2843 1528 2868 ι
