1780 3038
89 238 317 308 fendissc,
357 243 686 302 certissimum
729 252 776 304 in
818 251 1032 304 Historia
1072 258 1162 303 est.
1206 249 1378 322 Itaque
1404 251 1446 304 si
1483 270 1582 308 an·-

86 335 134 376 te
175 318 455 376 Concilium
518 322 601 374 vt.
647 322 708 376 ab
749 328 912 397 aliquo
970 328 1317 380 Romanorum
1365 328 1581 382 Pontifi-

87 415 202 452 cum
262 398 524 451 damnatus
562 399 815 456 Honorius
854 416 946 472 est,
986 404 1332 457 condemnatio
1356 405 1418 457 ab
1440 407 1582 475 Aga-

89 474 242 528 thone
282 475 484 544 prodiit.
547 479 610 527 At
640 515 657 539 ,
698 497 878 549 quaeso
904 520 920 549 ‚
979 497 1195 549 quanam
1237 480 1286 532 in
1325 481 1533 551 epistola
1560 522 1582 551 ‚

89 568 310 623 quonam
353 552 400 602 in
442 550 691 616 Concilio,
732 573 951 625 quonam
993 557 1041 607 in
1082 556 1278 609 decreto
1319 555 1399 610 hic
1452 574 1582 611 con-

88 628 344 682 demnavit
384 627 703 683 Honorium?
743 631 1076 695 Quandonam
1102 632 1207 684 sive
1246 633 1305 685 ad
1349 634 1582 703 Impera-

88 716 248 757 torem
288 703 668 758 Constantinum
709 707 1050 776 pogonatum,
1085 708 1190 761 sive
1215 709 1275 760 ad
1315 710 1583 764 orientales

85 781 364 853 Episcopos
387 781 582 853 scripsit
610 782 671 835 de
700 783 928 836 Honorio
949 780 1363 839 condemnando?
1402 786 1581 849 Quan-

87 857 273 911 donam
312 856 487 910 saltem
526 858 929 913 Occi'dentalibus
966 860 1221 931 Episcopis
1273 864 1530 931 proposuit
1561 899 1581 930 ,

88 952 150 987 an
193 933 274 987 ille
314 935 540 987 damnari
584 932 778 1006 posset?
819 936 959 989 Haec
980 948 1111 989 certe
1142 936 1316 989 nullibi
1348 938 1576 1007 legimus,

87 1011 137 1063 Si
179 1012 442 1081 praecessit
503 1011 668 1081 itaque
709 1012 758 1064 in
827 1030 881 1065 ea
925 1013 1245 1066 damnatione
1304 1013 1583 1084 Agathonis

90 1086 328 1141 iudicium
361 1123 377 1153 ,
419 1088 456 1140 si
499 1088 673 1141 Patres
712 1088 923 1141 Concilii
964 1089 1031 1141 vl
1073 1090 1133 1142 de
1191 1091 1297 1141 eius
1342 1108 1583 1143 consensu

89 1163 210 1217 illud
253 1163 528 1234 protulere,
575 1165 812 1218 iudicium
859 1163 954 1218 hoc
993 1183 1231 1235 quaerere
1252 1166 1492 1220 debemus
1528 1167 1581 1219 in

87 1239 310 1311 Epistola
352 1241 601 1312 Synodica
643 1252 692 1294 et
731 1241 1009 1309 dogmatica
1037 1282 1054 1308 ‚
1094 1259 1244 1312 quam
1311 1241 1412 1311 ipse
1451 1242 1585 1295 dedit

89 1317 150 1371 ad
194 1317 523 1388 imperatores
588 1335 679 1388 pro
719 1317 944 1372 Concilio
985 1318 1071 1369 Vt.
1115 1317 1433 1372 celebrando.
1478 1319 1584 1385 At,

86 1405 204 1466 peto
236 1430 252 1460 ‚
293 1412 353 1446 ex
396 1394 452 1448 iis
509 1412 637 1465 quae
694 1412 841 1465 supra
883 1393 1156 1463 disputavi,
1187 1394 1279 1447 dici
1324 1411 1385 1447 ne
1427 1406 1589 1464 potest

88 1462 159 1523 S(
205 1469 402 1540 Agatho
444 1489 500 1524 ea
568 1471 617 1522 in
657 1471 864 1541 epistola
927 1472 1218 1524 Honorium
1267 1470 1522 1540 damnasse
1552 1468 1589 1524 ‘.⁷

86 1547 262 1600 Nonne
305 1548 404 1600 imo
445 1544 698 1601 defendit?
741 1548 922 1601 Nonne
971 1547 1186 1618 reposuit
1218 1547 1343 1599 inter
1370 1548 1585 1616 eos,qui

90 1622 505 1678 Monotheliticae
566 1626 797 1695 pravitati
839 1642 1035 1695 semper
1074 1623 1306 1676 obstitere
1335 1619 1364 1675 ⁶?
1405 1623 1585 1677 Nonne

90 1695 368 1754 immunem
410 1702 472 1754 al)
512 1701 648 1754 omni
692 1701 964 1755 declaravit
992 1695 1194 1753 errore?
1224 1697 1468 1752 Iudicium
1497 1718 1585 1753 er-

91 1794 158 1847 go
199 1777 479 1847 Agathonis
520 1778 568 1830 in
611 1779 897 1831 damnando
937 1777 1165 1830 Honorio
1213 1793 1312 1828 non
1355 1791 1587 1846 praeces-

85 1854 167 1921 sit3
209 1872 387 1907 eorum
429 1873 550 1909 vero
590 1855 894 1909 Pontificum
923 1854 1150 1923 quiante
1191 1853 1351 1923 ipsum
1390 1852 1586 1906 Roma-

87 1947 181 1984 nae
222 1930 490 1985 cathedrae
531 1934 818 2003 praefuere,
849 1931 1036 1984 nullam
1077 1930 1261 2001 pariter
1301 1928 1586 1981 damnatio-

87 2008 164 2061 nis
203 2005 350 2061 huius
390 2011 707 2079 praecessisse
748 2009 1064 2072 sententiam,
1102 2006 1429 2060 certissimum
1489 2015 1578 2058 est.

86 2083 226 2154 Ergo
268 2086 439 2139 Patres
476 2083 761 2141 Orientales
804 2087 852 2138 in
895 2084 1131 2137 Concilio
1172 2082 1258 2135 Vl.
1302 2080 1584 2133 Honorium

87 2178 189 2231 non
231 2160 534 2215 damnarunt
574 2180 634 2215 ex
679 2163 860 2216 iudicio
901 2162 1033 2231 quod
1076 2158 1390 2230 praecesserit
1441 2160 1584 2227 Apo-

88 2237 291 2292 stolicae
330 2239 492 2306 Sedis,
536 2257 664 2293 neve
704 2240 766 2292 de
807 2239 1027 2293 ciusdem
1069 2251 1326 2290 consensu.

164 2314 260 2368 Sed
302 2316 523 2370 dicturus
584 2316 764 2385 aliquis
816 2326 905 2382 est;
945 2314 1238 2367 documenta
1280 2319 1410 2362 certe
1451 2325 1583 2362 nunc

89 2389 287 2457 desunt,
329 2394 509 2462 quibus
549 2394 749 2463 probari
794 2391 966 2463 possit,
1007 2390 1069 2441 ab
1111 2388 1274 2458 aliquo
1317 2386 1583 2439 Romano-

90 2484 202 2520 rum
263 2470 566 2522 Pontificum
625 2471 916 2527 damnatum
964 2466 1244 2518 Honorium
1286 2462 1427 2514 fuisse
1468 2471 1583 2514 ante

88 2543 369 2598 Concilium
415 2545 502 2611 vl,
544 2545 626 2599 sed
667 2546 880 2598 extitisse
909 2541 1147 2594 Hadriani
1178 2540 1242 2592 ΙΙ.
1269 2549 1426 2593 aetate
1473 2537 1584 2606 quis

0 2665 5 2669 .
88 2637 309 2690 unquam
334 2623 657 2688 inficiabitur,
686 2640 801 2675 cum
833 2623 933 2691 ipse
958 2619 1004 2670 in
1037 2617 1315 2670 testimonio
1336 2631 1481 2684 supra
1505 2613 1584 2665 ci-

89 2706 189 2765 tato
230 2699 408 2752 diserte
432 2700 668 2763 affirmet,
691 2697 932 2751 eiusmodi
967 2695 1276 2765 praecessisse
1307 2686 1581 2743 iudicium?

88 2770 376 2844 Equidem,
417 2777 454 2829 si
497 2777 794 2829 documenta
847 2771 1092 2827 contraria
1136 2787 1234 2823 uon
1274 2767 1581 2836 existerent,
