1780 3038
108 266 202 321 que
227 242 572 300 immaculata
596 263 620 298 e
638 241 846 298 diverso
873 240 1091 318 protulit
1119 240 1603 318 doqmata3(1mpe-

113 322 264 394 rator)
307 319 446 376 inter
483 340 614 391 quae
640 329 687 374 et
714 319 870 375 unius
909 316 1228 394 operationis
1268 318 1472 376 Christi
1493 320 1610 376 veri

113 397 216 456 Dei
249 394 421 453 nostri
456 395 578 472 fecit
619 395 951 452 mentionem.
996 398 1123 450 Cum
1164 408 1330 451 autem
1391 399 1494 469 ipse
1534 399 1616 452 sa-

111 487 272 530 teatur
297 493 348 528 se
376 485 543 527 tenere
582 474 832 528 Ecciesiae
862 475 1119 544 dogmata,
1161 486 1210 526 et
1254 474 1490 530 incedere
1532 477 1617 528 iu-

110 564 191 607 xta
216 553 383 606 tritam
405 552 701 604 Sanctorum
730 552 933 604 Patrum
972 552 1223 616 semitam,
1255 562 1412 622 patet,
1451 553 1617 625 ipsum

112 647 265 699 unam
307 629 355 681 in
394 625 591 680 Christo
633 630 980 698 operationem
1021 627 1267 682 confiteri.

189 704 423 759 Secundo
461 722 608 772 *ver03
649 705 845 759 silentio
888 705 1071 759 indicto
1112 705 1243 758 circa
1285 721 1438 760 unam
1474 742 1491 772 ‚
1533 704 1614 760 vel

117 782 241 836 duas
279 780 459 834 Christi
502 782 815 852 operationes
854 791 902 834 et
941 782 1241 849 voluntates3
1270 797 1421 850 quam
1463 781 1616 836 fidem

116 859 242 932 ipse,
281 875 434 928 quam
474 858 769 925 Honorius,
810 875 962 929 quam
1001 859 1150 912 ceteri
1193 874 1369 911 omnes
1413 860 1621 930 praedi-

116 953 231 990 care
270 930 554 988 debebant?
598 934 835 1002 Unicum,
878 952 1082 1006 nempe,
1127 936 1311 987 Filium
1363 935 1459 989 Dei
1488 953 1618 1006 ope-

118 1023 283 1066 ratum
311 1011 481 1066 divina
515 1022 564 1065 et
603 1009 847 1077 humana,
889 1021 937 1065 et
978 1010 1109 1065 hanc
1154 1010 1406 1081 duplicem
1467 1013 1619 1083 ipsius

115 1089 266 1145 Verbi
308 1088 653 1160 operationem
694 1089 755 1141 ad
795 1089 1030 1142 eumdem
1060 1089 1241 1159 redigi,
1277 1088 1325 1141 id
1365 1099 1436 1142 est
1464 1089 1620 1142 redu-

115 1167 161 1220 ci
201 1177 251 1219 et
291 1165 476 1236 redire:
518 1162 689 1236 Maqis
710 1172 886 1219 autem
925 1161 1078 1237 (sicut
1105 1173 1287 1220 san-cta.
1326 1173 1373 1220 et
1398 1162 1618 1220 univer-

114 1240 269 1298 salia*
289 1238 627 1298 tradiderunt
668 1238 926 1314 Concilia)
965 1260 1134 1295 unum
1159 1239 1495 1313 eumdemque
1522 1240 1573 1296 F
1571 1239 1619 1295 i-

116 1316 251 1379 lium
281 1314 616 1391 Uttiqenitum
647 1314 942 1372 Dominum
970 1314 1224 1373 Nostrum
1252 1317 1428 1373 Iesum
1458 1316 1626 1373 Chri-t

114 1403 254 1466 stum
291 1413 477 1449 verum
515 1393 690 1449 Deum
730 1403 1003 1468 operatum
1045 1391 1290 1468 confiteri
1326 1402 1439 1449 tam
1476 1392 1621 1450 divi-

115 1491 188 1527 na
212 1489 471 1544 quamque
510 1467 772 1539 humana,
813 1480 860 1526 et
899 1490 1107 1526 omnem
1131 1471 1244 1527 Deo
1267 1469 1536 1527 decibilem
1576 1481 1625 1528 et

115 1545 328 1606 bertine
360 1545 581 1620 diynam
620 1544 977 1622 operationem
1016 1567 1081 1603 eac
1099 1567 1206 1603 uno
1232 1546 1506 1620 eodemque
1533 1552 1622 1604 in·-

117 1633 339 1682 carnato
366 1624 479 1684 Deo
507 1621 673 1680 Verbo
699 1621 923 1680 indiviae
956 1621 1260 1699 procedere,
1289 1623 1429 1682 etad
1451 1644 1623 1682 unum

117 1699 454 1773 eumdemque
475 1698 663 1774 rediqi.

186 1778 338 1844 Quae
374 1778 526 1832 verba
555 1796 658 1833 non
711 1795 773 1833 eo
819 1796 965 1833 sensu
1005 1797 1109 1834 esse
1149 1779 1462 1852 accipienda,
1491 1797 1628 1850 qua-⁶-

117 1855 158 1910 si
209 1856 524 1927 operationes
559 1855 751 1913 ¹Christi
812 1856 1101 1912 inunitate
1141 1875 1386 1928 personae
1419 1857 1622 1912 divinae

118 1932 496 2004 copularentur3
529 1933 606 1987 vei
651 1935 788 2003 quasi
813 1933 1034 1987 Verbum
1077 1945 1249 2005 ageret
1271 1945 1479 2005 utraque
1508 1934 1617 1988 sor-

119 2026 333 2077 ma‚,seu
362 2020 560 2077 natura,
589 2010 710 2081 quin
752 2021 920 2064 tamen
962 2010 1183 2064 humana
1225 2012 1476 2065 activitate
1498 2029 1628 2083 pro-·

121 2086 230 2158 pria
269 2086 617 2141 destitueretur
657 2084 752 2162 (1);
793 2087 878 2142 sed
915 2089 1204 2160 accipienda
1245 2106 1349 2143 esse
1390 2087 1541 2143 veluti
1582 2089 1622 2141 si

120 2161 342 2217 humana
381 2162 562 2217 Christi
603 2176 783 2219 natura
823 2183 913 2235 per
950 2183 1002 2219 se
1044 2164 1167 2218 nihii
1199 2165 1394 2236 operari
1437 2175 1621 2235 posset,

119 2249 169 2293 et
219 2241 414 2311 passive
462 2251 653 2295 tantum
707 2258 758 2294 se
799 2240 1005 2295 haberet
1038 2243 1098 2296 ad
1145 2242 1292 2296 Verbi
1316 2242 1476 2296 divini
1507 2258 1634 2296 mo-‘

122 2316 313 2385 tiones3,
364 2318 539 2371 suadet
578 2318 974 2372 manifestissime
995 2320 1327 2389 comparatio,
1369 2336 1519 2389 quam
1561 2318 1622 2372 ad

120 2392 474 2464 explicandum
520 2396 811 2467 mysterium
855 2396 974 2450 ittud
1007 2434 1023 2464 ,
1065 2414 1092 2449 e
1134 2413 1345 2467 corpore
1397 2394 1636 2449 humano

122 2470 326 2540 Sergius
353 2471 587 2525 desumit:
633 2469 1122 2544 Quemadmodum,
1167 2472 1460 2543 inquiendo,
1502 2492 1625 2527 cor-

118 2566 220 2621 pus
258 2555 498 2603 nostrum
561 2547 763 2623 reqitur
786 2589 802 2621 ‚
844 2557 890 2605 et
929 2558 1159 2605 ornatur
1183 2586 1199 2618 ,
1241 2558 1287 2605 et
1323 2546 1626 2623 disponitur

124 2792 159 2840 R
239 2736 299 2804 (j)
329 2735 381 2782 Ut
413 2734 588 2797 profecto
641 2738 906 2783 contendebat
938 2736 1134 2783 Honorius
1173 2739 1211 2782 iu
1251 2754 1318 2784 suo
1350 2740 1398 2785 ad
1446 2740 1622 2799 Sergium

161 2804 345 2854 escripto.
