1780 3038
690 202 1028 255 ——159—

557 361 821 433 GAI’U
863 366 900 433 T
997 363 1145 434 vtlt.

278 526 343 561 DE
371 524 761 563 AUCTomTATE
789 527 1170 562 EPISTULARUM
1191 528 1427 564 1103601111

170 661 428 729 Plurimi,
493 661 626 733 iique
668 660 1077 733 praestantissimi
1142 662 1236 716 viri
1281 673 1381 716 tam
1421 665 1613 736 antiqui

96 757 250 811 quam
291 749 514 792 recentes
554 739 828 792 defendunt
868 736 1154 791 Honorium
1214 740 1445 809 epistolas
1499 760 1611 798 suas

96 817 158 870 ad
193 817 426 886 Sergium
466 817 715 886 scripsisse
777 831 878 868 non
927 824 981 867 ut
1037 813 1313 870 catholicae
1361 818 1615 873 Ecclesiae-

97 894 443 966 principatum
485 902 767 961 gerentem,
807 891 891 944 scd
933 900 985 942 ut
1024 891 1274 961 privatam
1318 911 1606 963 personmn3

99 987 218 1024 cum
263 970 346 1023 alii
391 969 547 1022 multo
591 968 685 1021 illis
724 966 1072 1039 prudentiores
1093 967 1139 1020 id
1162 969 1477 1039 exploratum
1507 990 1609 1027 nou

96 1064 202 1101 csse
242 1045 608 1113 contendant3
668 1045 1014 1116 prudentiores
1054 1042 1144 1097 hos
1183 1046 1383 1116 appello
1414 1054 1437 1115 ,’
1492 1067 1609 1102 eum

95 1141 272 1195 reapse
313 1122 468 1176 multa
510 1132 777 1194 suppetant
816 1131 1110 1190 argumenta
1147 1158 1163 1188 ,
1211 1124 1391 1191 quibus
1429 1141 1607 1179 eorum

94 1201 384 1272 sententia,
450 1198 534 1269 qui
595 1197 684 1251 has
723 1198 955 1269 epistolas
1012 1198 1082 1249 uti
1144 1199 1363 1284 privatas
1427 1201 1607 1256 desen-

95 1277 273 1345 dunt,
335 1265 538 1330 refutari
581 1278 753 1346 possit.
797 1275 996 1346 Operae
1037 1275 1253 1344 pretium
1311 1294 1415 1330 esse
1476 1280 1614 1332 duco

95 1372 156 1408 ea
197 1353 444 1409 concinne
485 1369 688 1423 prorsus
729 1352 778 1404 in
819 1351 1042 1404 medium
1085 1350 1350 1420 proferre,
1394 1363 1446 1406 ut
1462 1355 1605 1426 quid

97 1428 196 1486 hoc
239 1432 289 1484 in
329 1428 493 1501 capite
536 1428 809 1482 tenendum
838 1429 919 1493 sit,
950 1427 1289 1498 dignoscatur.
1321 1430 1459 1483 Haec
1489 1449 1623 1486 vcro«

97 1517 397 1578 argumenta
437 1505 643 1560 desumo
689 1506 738 1558 1.
782 1521 845 1558 ex
887 1504 1163 1557 intentione
1201 1515 1249 1558 ct
1277 1507 1448 1561 verbis
1487 1508 1612 1561 Ser-

97 1585 187 1655 gii.
232 1586 285 1637 Ξ.
329 1601 390 1638 ex
431 1592 599 1636 mente
639 1591 691 1636 etv
728 1581 892 1636 verbis
930 1578 1165 1635 Honorii.
1212 1583 1264 1634 3.
1325 1601 1387 1637 ex
1427 1584 1619 1651 catho-

97 1661 312 1716 licorum
351 1669 400 1714 et
441 1658 887 1714 monothelitarum
929 1658 1076 1712 sacto.

173 1738 239 1792 Et
260 1736 425 1807 quoad
450 1737 675 1808 primum
704 1745 1119 1808 argumentorum
1142 1751 1318 1803 genus.
1370 1737 1616 1807 Sergium.

97 1814 160 1871 ad
199 1814 487 1869 Honorium
525 1813 774 1885 scripsisse
815 1819 870 1865 ut
928 1812 989 1866 ad
1029 1813 1097 1866 R.
1139 1809 1461 1884 Pontificem,
1504 1809 1634 1867 non'

97 1901 265 1946 autem
305 1896 363 1944 ut
401 1890 462 1943 ad
505 1891 754 1962 privatam
796 1906 1086 1961 personam,
1133 1889 1618 1954 satis-manifestatum

97 1986 202 2023 esse
241 1968 462 2021 arbitror
491 2006 507 2036 ‚
549 1985 611 2021 ex
650 1984 750 2038 quo
791 1967 959 2021 animo
1002 1968 1286 2022 revolveret
1346 1966 1475 2020 illius
1514 1985 1609 2020 au—

97 2045 328 2100 ctoritate
367 2044 621 2098 silentium
669 2045 883 2097 duarum
944 2047 1300 2114 operationum
1361 2042 1637 2098 vocabulo=

98 2122 319 2176 indicere
348 2157 366 2189 ‚
407 2128 624 2175 statuere
664 2139 786 2175 vero
828 2120 978 2175 fidem
1019 2132 1067 2174 et
1125 2119 1420 2175 sententiam
1462 2121 1619 2174 unius-

98 2199 425 2272 operationis,
470 2209 523 2251 ut
562 2199 773 2271 probavi
816 2214 928 2268 cap.
962 2198 1014 2250 3.
1053 2198 1202 2252 huius
1229 2197 1602 2250 dissertationis.

97 2277 356 2348 Agebatur
397 2275 562 2345 itaque
603 2292 705 2329 non
747 2276 808 2328 de
849 2275 1054 2344 negotio
1095 2276 1292 2347 privato
1323 2313 1341 2343 ‚
1402 2274 1487 2326 sed
1547 2274 1608 2327 de

98 2371 153 2408 re
193 2352 426 2408 omnibus
465 2352 695 2408 fidelibus
733 2350 985 2406 Ecclesiae
1025 2350 1279 2406 orientalis
1321 2350 1623 2416 indicenda„

98 2440 148 2484 et
186 2447 248 2485 ex
287 2446 385 2500 qua
428 2428 558 2483 illius
598 2430 851 2483 Ecclesiae
892 2429 1243 2499 tranquillitaS‚
1273 2437 1321 2479 et
1351 2427 1610 2495 integritas

99 2507 217 2562 fidei
259 2505 561 2577 pendebant.
605 2507 692 2573 At,
733 2505 940 2577 quaeso,
963 2523 1063 2575 quo
1087 2506 1291 2559 nomine
1332 2501 1466 2555 hisce
1494 2503 1608 2557 Ho-

98 2584 272 2639 norius
310 2599 574 2637 occurrere
612 2578 841 2654 poterat?
899 2593 953 2634 ut
1012 2582 1203 2652 privata
1246 2596 1479 2650 persona,
1526 2579 1607 2634 vel

21 2693 23 2695 ·
100 2666 157 2723 nt
197 2675 450 2715 successor
478 2660 612 2713 Petri
640 2658 830 2713 habens
859 2658 1131 2730 primatum
1174 2656 1528 2710 iurisdictionis
1556 2657 1616 2709 in<

21 2799 25 2806 Ι
102 2736 390 2791 universam
430 2733 745 2790 Ecclesiam?
786 2736 931 2790 Certe
971 2753 1032 2789 co
1075 2734 1304 2799 nominc,
1345 2749 1445 2802 quo
1486 2749 1616 2803 pos-

100 2823 168 2868 se!
211 2813 429 2886 partium
497 2813 839 2870 dissidentium
899 2811 1227 2871 dissensiones
1266 2824 1616 2885 compescere..

1243 2888 1245 2890 ’
1353 2883 1461 2939 ss*
