1780 3038
696 137 770 145 ...-
811 106 881 158 27
923 136 996 146 ...-

86 178 150 254 de
187 190 350 239 cetero
388 177 599 239 nullum
633 179 959 256 permitteret
980 199 1146 236 unam
1167 189 1260 237 aut
1287 178 1421 237 duas
1457 200 1595 257 pro-

46 257 228 334 *fierre
266 256 607 333 operationes.
650 259 791 312 Sarta
832 268 1059 328 tectaque
1107 258 1259 328 igitur
1324 259 1405 312 ilia
1446 260 1595 313 satis—

90 337 237 389 factio
278 335 507 389 habenda
547 345 673 403 erat3
700 335 747 388 in
789 353 847 389 ea
888 335 1041 405 igitur
1093 334 1226 406 Cyro
1260 373 1276 400 ,
1322 337 1371 389 in
1412 354 1469 390 ea
1512 353 1600 388 re·-

91 413 236 483 iiquis
274 413 482 467 omnino
522 412 922 482 permanendum
963 421 1093 479 erat3
1127 413 1183 464 iis
1216 413 1366 483 igitur
1394 430 1600 483 perma—

90 490 314 557 nendum
342 490 528 560 pariter
554 499 661 542 erat
683 489 744 541 -in
787 489 882 542 fide
924 489 1071 543 unius
1110 489 1443 560 operationiS‚
1475 506 1603 559 quae

89 583 205 638 cap.
248 565 361 619 vll.
404 565 751 620 satisfactionis
794 577 1074 620 conventae
1099 566 1496 637 proponebatur.

168 643 330 713 Atque
369 640 758 714 hincapparet,
784 643 946 712 Sergii
975 643 1197 696 studium
1237 643 1288 697 in
1327 660 1389 697 eo
1431 642 1600 709 fuisse,

91 728 149 784 ut
186 718 395 773 omnino
437 736 592 772 unam
633 720 982 792 operationem
1021 729 1278 788 statueret,
1319 719 1444 774 duas
1480 736 1603 774 vero

94 796 406 867 reprobaret.
451 796 600 860 Quod
657 797 746 850 etsi
811 796 1242 851 evidentissimum
1283 796 1392 864 sit3
1434 806 1606 849 tamen

95 871 303 927 ulterius
341 871 610 939 confirmo,
652 890 715 927 ex
737 889 836 944 quo
860 873 1048 927 misisse
1086 890 1138 926 se
1168 882 1375 927 testetur
1403 873 1463 926 ad
1497 872 1608 925 Im-

98 960 382 1022 peratorem
421 950 714 1004 Heraclium
754 950 922 1004 omnia
967 950 1050 1004 ilia
1081 951 1290 1003 Patrum
1321 950 1606 1004 testimonia

96 1026 160 1080 de
207 1043 306 1080 una
356 1028 650 1097 operatione
689 1036 739 1080 et
780 1026 1062 1094 voluntate,
1104 1044 1232 1097 quae
1271 1027 1609 1081 contineban-

100 1113 181 1156 tur
222 1103 272 1156 in
313 1103 662 1175 Apoehrypho
701 1103 948 1157 Sermone
978 1122 1004 1157 a
1046 1103 1235 1156 Menna
1277 1104 1338 1157 ad
1363 1103 1610 1175 Vigiiium

101 1179 395 1234 Romanum
434 1181 732 1234 Pontificem
802 1186 970 1246 facte,
1013 1190 1062 1234 et
1123 1180 1415 1234 acclamato.
1482 1176 1611 1236 Pios

106 1253 180 1311 ad
225 1276 321 1312 nos
365 1253 535 1329 apices
585 1254 729 1332 fecit,
785 1252 1103 1329 (imperator)
1145 1254 1521 1330 praecipiente-s·
1552 1263 1611 1311 ut

90 1341 326 1407 'paterna
371 1330 466 1389 itta
497 1331 795 1390 testimonia
838 1329 1250 1407 defloraremm,
1273 1352 1403 1404 quae
1442 1332 1614 1390 conti—

100 1416 295 1465 nentur
339 1407 396 1466 in
447 1408 614 1466 libello
679 1407 976 1483 doqmatico
1009 1451 1026 1482 ‚
1081 1407 1215 1465 sic-at
1272 1407 1474 1466 dictum
1519 1419 1613 1483 est,

102 1482 245 1562 sacto
266 1505 300 1542 a
321 1497 534 1543 sanctae
573 1484 862 1555 memoriae
888 1486 1086 1542 Menna
1108 1484 1180 1542 ad
1206 1485 1616 1543 Sanctissimum

115 1561 367 1636 Viqitium
407 1561 470 1620 de
509 1584 620 1621 una
646 1561 949 1640 operatione
988 1572 1035 1619 et
1072 1559 1135 1618 de
1172 1583 1282 1619 una
1320 1562 1611 1633 voluntate3

102 1646 148 1695 et
190 1637 317 1696 haec
356 1660 390 1696 a
427 1641 542 1697 Deo
581 1639 869 1698 instructae
915 1638 1027 1696 eius
1066 1638 1358 1696 Serenitati
1384 1639 1616 1713 cliriqere

102 1713 423 1787 deberemm3
463 1715 602 1791 quod
639 1727 687 1774 et
726 1714 798 1773 ad
818 1715 1072 1793 effectum
1098 1714 1464 1793 perduximus.
1496 1719 1617 1774 Mo·-

107 1805 292 1866 netque
335 1795 704 1868 Imperatorem
746 1805 799 1848 ut
839 1806 1132 1866 permaneat
1172 1793 1230 1849 in
1270 1792 1460 1850 attrita
1499 1795 1617 1851 Pa-

107 1878 254 1927 trum
294 1868 569 1943 doctrina,
623 1891 785 1944 quam
831 1891 1008 1927 omnes
1048 1881 1393 1928 consonanter
1444 1869 1618 1947 confi-

107 1954 286 2004 lentur
325 1945 389 2003 de
412 1945 717 2021 hujusmodi
742 1945 1059 2020 quaestione.
1111 1950 1238 2003 Cum
1268 1959 1435 2002 autem
1463 1966 1618 2020 supe-

110 2026 211 2080 rius
249 2026 451 2094 dixerit,
493 2045 520 2080 a
563 2026 699 2080 nullo
729 2026 1029 2081 Sanctorum
1071 2037 1120 2080 et
1148 2026 1487 2098 probabilium
1516 2028 1620 2080 Pa-

105 2113 244 2158 trum
284 2102 406 2157 duas
444 2102 599 2158 dietas
637 2104 956 2175 operationes
1017 2104 1162 2158 fuisse
1194 2140 1210 2172 ,
1252 2120 1280 2156 a
1320 2103 1620 2173 quibusdam

113 2197 236 2233 vero
277 2195 456 2247 unam;
497 2178 623 2234 haee
669 2182 878 2234 Patrum
940 2181 1191 2247 doctrina,
1232 2181 1282 2232 ni
1325 2180 1491 2250 fallor,
1526 2198 1619 2251 pro

111 2255 289 2328 Sergio
330 2256 457 2311 nihil
498 2256 634 2311 aiiud
674 2267 803 2325 erat,
826 2275 978 2330 quam
1006 2258 1231 2313 doctrina
1261 2258 1407 2311 unius
1434 2257 1623 2311 voiun-

115 2333 225 2387 tatis
262 2341 312 2387 et
348 2334 497 2388 unius
525 2335 850 2407 operationiS.
896 2334 1061 2399 Quem
1101 2335 1305 2406 quidem
1333 2332 1622 2405 ipsius'sen-

113 2427 224 2464 sum
265 2409 434 2478 fuisse,
476 2421 631 2483 patet,
672 2430 734 2466 ex
774 2429 874 2483 quo
914 2411 1067 2480 dieat,
1095 2412 1268 2465 Patres
1296 2428 1471 2465 omnes
1494 2428 1623 2464 eon-

117 2487 267 2540 merit
312 2484 652 2559 Uniqenitum
680 2487 858 2543 Ficum
885 2486 1011 2560 Dei,
1059 2486 1150 2559 qai
1172 2485 1431 2543 veraciter
1478 2488 1624 2543 Deus

116 2560 274 2618 simul
297 2571 344 2620 et
370 2559 527 2620 homo
566 2572 658 2637 est,
700 2562 939 2620 eumdem
967 2563 1183 2639 operari
1203 2561 1387 2619 divina
1426 2573 1473 2620 et
1518 2562 1624 2619 ltu-

118 2658 282 2694 mana
313 2681 331 2712 ,
376 2649 425 2695 et
468 2660 534 2696 ex
571 2661 628 2697 eo
670 2661 777 2697 uno
855 2638 1128 2712 eodemque
1171 2639 1452 2697 incarnato
1508 2641 1625 2696 Deo

129 2712 333 2789 Verba,
380 2713 513 2773 sicut
551 2718 674 2789 jam
719 2738 900 2775 sumus
943 2715 1142 2794 effati,
1194 2714 1626 2792 inseparabiliter
