1780 3038
755 271 828 280 ——
871 240 975 292 140
1015 269 1089 277 —-

181 343 209 377 a
258 322 356 392 ipsa
378 334 569 372 summa
593 311 780 369 uni-tate
808 313 1207 368 inenarrabiliter
1227 312 1459 366 omnibus
1486 310 1670 368 divinis

184 418 210 451 ε(
257 399 427 463 ditata,
452 395 668 446 unientis
688 409 799 447 eam
822 393 910 444 sibi
941 391 1214 443 secundum
1236 390 1560 443 substantiam
1589 390 1670 442 di-

184 496 209 528 «
256 474 358 525 vini
391 471 560 534 Verbi,
585 469 808 522 divinam
851 467 1065 520 habebat
1092 466 1405 518 indiscretam
1429 467 1670 519 volunta-

184 570 208 603 «
256 560 375 613 tem,
398 562 526 615 quae
548 545 608 596 ab
639 547 745 615 ipso
772 561 971 614 semper
998 543 1272 597 ducebatur
1325 558 1382 594 ac
1423 543 1672 597 moveba-

184 647 208 678 «
255 635 355 689 tur,
398 631 568 690 utpote
609 621 658 673 in
700 620 838 674 nullo
881 631 1106 689 tempore
1146 618 1321 671 eadem
1362 617 1519 672 divise
1546 659 1563 690 ‚
1622 626 1674 672 et

185 720 209 751 «
254 718 315 752 ex
357 698 560 768 proprio
603 697 788 767 impetu
831 697 1079 750 contrarie
1128 694 1266 746 nutui
1316 691 1452 746 uniti
1491 711 1674 749 secun-

186 795 208 827 «
257 777 376 828 dum
415 774 740 826 substantiam
779 774 873 826 Dei
915 772 1090 841 Verbi⁷
1133 769 1411 823 naturalem
1450 772 1557 826 eius
1597 771 1676 824 fa-

186 871 210 903 «
257 853 390 905 ciens
450 851 724 904 motionem
752 886 769 915 ‚
827 849 911 902 sed
953 849 1153 919 quando
1179 887 1194 917 ,
1237 859 1286 899 et
1338 846 1537 916 qualem
1568 884 1585 915 ,
1625 852 1677 901 et

186 947 210 980 «
257 934 495 997 quantam
539 926 641 997 ipse
688 927 825 978 Deus
881 925 1105 978 Verbum
1154 923 1401 995 volebat,
1458 922 1531 997 (1)
1571 936 1676 994 ne,

186 1026 210 1056 «
256 1003 389 1073 quod
430 1002 554 1054 absit
596 1003 644 1054 in
687 1000 996 1072 blasphemia
1038 1001 1372 1067 diudicemur‚
1413 1000 1546 1071 quod
1575 1001 1679 1053 uti-
1741 1002 1743 1004 ’

186 1099 210 1130 «
256 1097 351 1149 que
391 1079 671 1131 cavendum
712 1089 760 1131 et
802 1078 1022 1132 terribile
1051 1077 1338 1131 dicendum.
1373 1075 1476 1130 Vae
1523 1075 1680 1129 huiu-

185 1177 210 1209 «
257 1156 413 1208 smodi
457 1155 688 1225 pravitati
731 1165 783 1207 ut
825 1172 914 1223 per
953 1155 1295 1209 necessitatem
1327 1163 1534 1207 naturae
1565 1153 1680 1208 vio-

187 1251 211 1283 «
260 1232 465 1285 lentiam
505 1233 829 1284 sustinentem
855 1228 1229 1285 introducamus
1256 1229 1361 1282 eius
1390 1228 1682 1283 humanita-

188 1329 211 1360 «
260 1319 359 1361 tem
385 1344 400 1374 ‚
442 1318 490 1359 et
529 1309 989 1362 communicantem
1031 1310 1179 1378 Petro
1219 1305 1404 1375 dignae
1451 1307 1558 1360 eius
1597 1307 1683 1358 in·-

188 1404 213 1438 «
259 1385 576 1455 crepationi,
618 1385 654 1437 si
697 1385 868 1453 utique
911 1402 998 1454 per
1037 1383 1252 1438 similem
1314 1383 1683 1437 recusationem

189 1480 213 1512 «
260 1479 321 1513 ex
363 1461 631 1514 verborum
672 1461 1040 1529 significatione
1093 1460 1308 1531 passioni
1369 1460 1478 1513 eius
1535 1477 1682 1514 com·-

189 1556 214 1588 «
265 1538 502 1589 municat.
547 1537 628 1590 Sic
667 1549 715 1590 et
737 1538 1082 1605 evangelicam
1132 1536 1469 1605 intelligamus
1509 1537 1687 1591 lectio-

187 1635 212 1667 «
260 1630 375 1665 nem
419 1615 500 1665 ubi
542 1614 681 1666 dicit:
726 1631 826 1666 non
870 1626 920 1666 ut
946 1614 1124 1666 faciam
1156 1613 1464 1667 voluntatem
1495 1630 1686 1680 meam,

190 1710 214 1743 «
262 1690 342 1742 sed
366 1690 470 1742 eius
511 1690 594 1759 qui
640 1690 770 1742 misit
811 1707 910 1743 me.
955 1691 1051 1744 Sed
1082 1701 1130 1743 et
1155 1707 1202 1758 in
1235 1691 1548 1743 recusatione
1572 1706 1690 1759 pas-

191 1786 215 1819 «
263 1766 414 1819 sionis
453 1783 555 1819 non
599 1767 848 1820 diversam
880 1768 929 1819 in
972 1783 1132 1819 unum
1172 1766 1508 1836 eumdemque
1538 1765 1692 1818 Chri-

193 1861 217 1893 «
263 1854 415 1911 stum,
456 1854 503 1895 et
543 1842 866 1896 resultantem
911 1844 1285 1897 introducentes
1326 1843 1639 1896 voluntatem
1672 1879 1690 1911 ,

191 1940 216 1971 «
264 1919 422 1986 magis
445 1930 614 1971 autem
645 1921 945 1988 recusative,
975 1931 1024 1974 et
1055 1937 1154 1973 non
1186 1919 1398 1989 positive
1427 1918 1694 1974 huiusmo-

192 2015 215 2047 τ(
267 1995 313 2046 (li
357 1996 679 2064 suscipiamus
721 2012 918 2050 vocem.
963 1998 1077 2050 Non
1118 1997 1256 2050 enim
1291 1998 1434 2067 ¹quasi
1475 1997 1694 2050 existens

192 2090 216 2123 «
265 2069 362 2122 hoc
403 2073 614 2123 verbum
655 2073 842 2124 dictum
904 2083 975 2126 cst
1005 2111 1020 2140 ‚
1062 2073 1144 2126 sed
1176 2088 1232 2125 ac
1273 2073 1311 2123 si
1356 2089 1456 2126 non
1499 2086 1591 2141 est;
1624 2073 1696 2126 si-

192 2168 216 2199 «
264 2147 384 2198 cuti:
437 2165 598 2216 neque
660 2160 923 2219 peccatum
987 2166 1156 2203 meum
1189 2188 1206 2218 ‚
1246 2165 1411 2217 neque
1459 2149 1693 2220 iniquitas

193 2244 217 2277 «
265 2240 376 2274 nica
422 2241 446 2275 a
490 2222 569 2296 (2)
614 2244 638 2278 «
685 2228 846 2296 Atque
889 2227 1058 2296 paullo
1107 2235 1216 2296 post
1257 2225 1532 2294 concludit,
1562 2225 1694 2280 hanc

195 2318 219 2349 «
267 2299 418 2352 sidem
478 2300 722 2370 professos
762 2319 867 2356 esse
928 2303 1164 2372 Sergium
1209 2310 1258 2354 et
1325 2302 1614 2356 Honorium
1657 2319 1684 2355 ι»

195 2371 393 2444 Quibus
433 2373 808 2431 concordantes
873 2385 920 2432 et
973 2385 1311 2432 consonantes
1373 2376 1503 2447 facti
1571 2385 1694 2433 sunt

189 2447 310 2523 piae
350 2448 635 2507 memoriae
674 2451 890 2527 Sei-qius
929 2462 975 2510 et
1019 2450 1311 2510 Honorius.
1366 2453 1458 2530 (3).

252 2599 311 2654 (l)
344 2598 453 2643 Haec
484 2610 681 2660 postrema
703 2604 896 2648 sententia
918 2603 1126 2663 desumpta
1155 2610 1214 2647 est
1245 2602 1296 2647 ad
1344 2605 1506 2649 verbum
1537 2619 1586 2650 ex
1614 2603 1702 2662 epi-

205 2657 300 2699 stola
315 2657 438 2715 Sergii
464 2662 510 2703 ad
526 2659 759 2704 Honorinm.

256 2715 315 2769 (2)
348 2715 487 2759 Psatm.
526 2718 669 2762 LVlll.
704 2735 742 2762 v.
765 2720 804 2763 4.

205 2773 588 2890 02(·3›3)g31nsff÷t‹1‹¹1me⁶
635 2778 797 2835 epistola
839 2778 939 2835 apud
975 2778 1096 2822 Labb.
1141 2776 1253 2820 Tom.
1289 2778 1355 2822 Vl.
1404 2779 1556 2836 Concil.
1607 2793 1696 2854 pag.
