1780 3038
260 296 285 328 G(

858 223 931 231 .-
978 190 1042 242 18
1082 218 1156 226 ,-

333 272 527 326 Christo
567 269 674 321 Deo
723 268 900 321 Nostro
942 267 1152 318 duarum
1198 271 1536 326 naturarum3
1602 260 1735 330 quod

263 370 288 402 (t
336 366 435 402 non
484 356 554 398 est
595 361 855 413 unquam,
905 359 995 395 nec
1044 341 1145 392 fiat.
1197 336 1437 389 Similiter
1483 346 1649 390 autem
1689 348 1739 390 et

255 445 280 477 <t

255 520 280 552 ί(

256 595 282 628 ((

258 745 282 777 ι(

257 823 282 864 ς(

258 898 283 930 «

256 973 282 1006 «

259 1049 284 1082 <t

261 1125 287 1158 (t

260 1201 285 1233 ι(

261 1279 286 1311 (ι

259 1352 285 1385 (t

258 1431 284 1462 «

258 1507 284 1539 «

257 1580 284 1612 α

258 1655 284 1688 ((

257 1731 283 1765 α

258 1807 284 1840 ι(

259 1884 284 1916 «

259 1960 284 1993 «

259 2037 285 2071 «

259 2114 285 2146 «

260 2187 286 2220 <t

260 2263 286 2296 tt

260 2338 285 2371 «

258 2418 283 2449 «

259 2492 284 2525 (ι

261 2567 284 2599 «

261 2642 286 2674 ε(

264 2718 289 2750 «

263 2794 287 2844 t<

325 427 534 478 duarum
573 420 917 489 operationum
959 417 1109 470 dictio
1161 413 1341 465 multos
1378 413 1681 466 scandalizet
1717 450 1736 479 ‚

327 510 494 569 utpote
517 514 542 548 a
573 495 707 547 nullo
736 495 1032 548 Sanctorum
1059 502 1107 544 et
1129 488 1464 561 probabilium
1486 490 1738 544 Ecclesiae

329 576 663 628 institutorum
705 571 854 624 edita.

328 654 379 704 9.
415 669 439 701 «
484 648 691 716 Insuper
729 658 775 699 et
804 659 1110 714 consequens
1130 641 1173 695 ei
1195 641 1256 694 sit
1294 639 1582 710 praedicare
1616 641 1740 698 duas

329 725 606 779 voluntates
644 723 1015 775 contrarietates
1053 720 1184 772 circa
1227 717 1442 770 invicem
1474 715 1736 785 habenteS,

330 814 567 870 tanquam
606 799 715 852 Deo
774 799 975 868 quidem
1023 796 1190 848 Verbo
1229 793 1498 846 salutarem
1537 795 1740 849 volente

331 875 592 946 adimpleri
635 876 938 945 passionem,
980 870 1290 924 humanitate
1331 886 1452 922 vero
1474 872 1580 923 eius
1601 871 1740 925 obsi-

331 964 486 1007 stente
519 952 623 1004 eius
699 951 940 1005 voluntati
994 959 1042 1001 et
1119 947 1373 1000 resistente
1404 981 1421 1012 ‚
1475 959 1524 1001 et
1562 949 1741 1019 perin-

332 1031 392 1082 de
444 1029 543 1080 duo
567 1028 816 1080 contraria
858 1026 1083 1081 volentes
1126 1024 1556 1092 introducantur3
1604 1024 1737 1095 quod

334 1105 545 1176 impium
593 1114 681 1156 est.
725 1102 1033 1174 Impossibile
1071 1102 1256 1171 quippe
1307 1110 1378 1153 est
1422 1100 1471 1150 in
1509 1118 1610 1165 uno
1648 1118 1741 1154 eo-

333 1183 543 1250 demque
564 1181 832 1233 subiacenti
856 1181 975 1232 duas
1013 1177 1181 1243 simut,
1223 1186 1270 1230 et
1308 1194 1426 1247 erga
1450 1174 1548 1231 hoc
1579 1178 1740 1247 ipsum

335 1258 609 1310 contrarias
665 1257 925 1310 subsistere
978 1255 1276 1309 voluntates.
1333 1253 1463 1307 Nam
1515 1253 1743 1308 salutaris

332 1334 496 1386 Deum
544 1334 823 1401 gerentium
870 1334 1076 1385 Patrum
1118 1330 1339 1397 doctrina
1369 1330 1629 1395 manifeste
1658 1331 1742 1382 in-

328 1410 490 1475 struit,
515 1410 645 1478 quod
671 1427 944 1480 numquam
969 1407 1366 1461 intellectualiter
1387 1409 1607 1461 animata
1627 1406 1742 1461 Do·—

330 1486 449 1537 mini
473 1502 589 1538 caro
616 1488 907 1555 separatim,
937 1495 1066 1538 etex
1105 1486 1326 1554 appetitu
1369 1484 1577 1557 proprio
1609 1499 1740 1545 con-,-

331 1562 479 1614 trario
503 1563 642 1614 nutui
683 1563 807 1615 uniti
835 1562 926 1614 sibi
954 1562 1225 1618 secundum
1248 1562 1613 1618 subsistentiam
1641 1560 1738 1614 Dei

331 1637 477 1690 Verbi
518 1638 793 1691 naturalem
834 1648 1027 1690 motum
1068 1655 1212 1690 suum
1260 1638 1551 1706 el'l'ecitgsed
1571 1653 1740 1708 quan-2

329 1714 414 1778 do,
454 1724 502 1767 et
547 1715 768 1785 qualem,
816 1726 865 1768 et
910 1725 1149 1784 quantam
1198 1714 1300 1785 ipse
1347 1717 1486 1771 Deus
1511 1713 1738 1769 Verbum

329 1789 547 1858 volebat3
587 1802 636 1844 et
684 1802 736 1843 ut
788 1791 982 1862 plenius
1041 1791 1254 1844 dicatur:
1306 1791 1737 1862 quemadmodum

328 1883 508 1937 corpus
549 1879 770 1920 nostrum
818 1869 1028 1938 regitur,
1077 1877 1126 1920 et
1166 1879 1394 1936 ornatur,
1433 1879 1483 1924 et
1522 1867 1743 1939 disponi-

332 1953 410 1994 tur
448 1942 510 1994 ab
557 1943 871 1997 intellectuali
919 1955 967 1997 et
1013 1944 1243 1998 rationali
1294 1947 1462 2009 anima
1518 1955 1738 2012 nostra3

330 2018 394 2070 ita
439 2029 488 2071 et
535 2020 583 2072 in
635 2021 854 2073 Domino
883 2031 1049 2074 nostro
1098 2030 1195 2074 tota
1234 2019 1459 2086 humana
1478 2022 1585 2076 eius
1606 2038 1736 2075 con-.

328 2094 514 2164 spersio
554 2098 615 2149 ab
658 2097 808 2166 ipsius
852 2096 1001 2150 Verbi
1030 2097 1228 2151 Deitate
1267 2112 1466 2170 semper
1487 2099 1536 2152 in
1565 2099 1738 2152 οιῐίιιῑ-Ἴ

331 2171 421 2223 bus
465 2185 622 2240 mota,
650 2173 945 2226 Deimobilis
983 2184 1110 2240 erat,
1151 2176 1426 2229 secundum
1453 2177 1737 2248 Nyssenum

332 2246 632 2316 Gregorium
675 2250 919 2303 dicentem
960 2261 1131 2304 contra
1172 2252 1482 2307 Eunomium
1525 2254 1610 2306 ita:
1650 2268 1738 2306 see

331 2324 551 2376 cundum
573 2327 706 2394 quod
749 2327 883 2379 Deus
910 2327 1065 2380 Filius
1093 2328 1406 2397 impassibilis
1444 2329 1614 2400 utique
1640 2337 1736 2397 est,

329 2409 378 2451 et
406 2400 713 2454 immortalis·
739 2402 789 2454 Si
818 2421 912 2473 qua
942 2414 1106 2456 autem
1129 2405 1289 2474 passio
1316 2407 1376 2460 de
1401 2423 1462 2462 eo
1487 2406 1537 2459 in
1568 2406 1738 2460 Evan-

330 2475 460 2543 gelio
505 2478 700 2538 dicitur,
749 2497 838 2549 per
884 2478 1246 2533 humanitatem
1289 2483 1511 2553 profecto
1544 2519 1560 2550 ‚
1607 2499 1736 2553 quae

330 2553 620 2622 suscipiebat
678 2556 979 2624 passionem,
1010 2556 1294 2611 huiusmodi
1361 2570 1593 2632 operatus
1643 2567 1732 2615 est·

337 2626 582 2696 Operatur
622 2631 805 2701 quippe
846 2650 963 2685 vere
1002 2632 1172 2686 Deitas
1212 2652 1302 2704 per
1340 2653 1522 2708 corpus
1545 2673 1562 2704 ‚
1601 2633 1736 2706 quod

335 2702 462 2756 circa
505 2705 660 2774 ipsam
701 2717 792 2774 est,
834 2709 1060 2761 omnium
1095 2709 1304 2763 salutem
1334 2750 1351 2780 ‚
1392 2723 1446 2767 ut
1472 2713 1534 2767 sit
1573 2710 1766 2766 carni-s·

333 2779 529 2847 quidem
570 2784 748 2852 passi0,
790 2784 884 2838 Dei
925 2795 1090 2840 autem
1119 2789 1362 2858 operatio.
