1780 3038
108 215 225 281 dam
267 213 498 270 historica
539 212 668 265 circa
710 224 935 265 exortam
976 210 1317 283 quaestionem
1345 246 1360 275 ‚
1422 210 1624 281 qualem

108 293 448 361 desumpserat
487 307 547 342 cx
591 289 740 360 ipsius
772 289 932 359 Sergii
975 288 1204 359 epistola:
1258 286 1389 357 quod
1433 300 1486 340 ut
1513 289 1628 340 cvi-

109 361 284 421 denter
349 376 583 435 constet,
654 367 804 420 verba
875 366 1026 436 ipsius
1066 366 1237 418 recito.
1272 364 1465 434 Scripta
1523 365 1627 417 fra-

111 466 138 498 <t
179 443 426 497 ternitatis
486 455 680 497 vestrae
745 443 1071 513 suscepimm,
1130 459 1218 512 per
1239 458 1367 511 quae
1416 452 1629 495 conten--

112 541 137 573 «
186 522 343 574 tiones
381 521 644 590 quasdam,
686 530 734 573 et
775 537 932 574 novas
975 537 1155 572 vocum
1197 518 1509 589 quaestiones
1536 536 1630 572 co-

181 598 453 667 gnovimus
479 597 785 650 introductas
827 614 916 667 per
955 595 1304 667 Sophronium
1358 595 1629 663 quemdam

185 686 302 727 tnnc
343 672 672 743 monachum,
715 690 848 726 nunc
891 691 1011 727 vero
1051 691 1113 725 ex
1142 673 1312 725 auditu
1337 673 1630 743 episcopum

184 750 675 822 Hierosolymitanae
717 750 853 803 urbis
892 750 1214 802 constitutum
1257 749 1493 802 adversus
1522 749 1630 802 sra-

187 839 312 881 trcm
337 840 560 880 nostrum
589 826 779 897 Cyrum
804 826 1139 879 Alexandriae
1162 826 1453 891 antistitem,
1479 843 1633 880 unam

109 926 136 959 ι(
182 905 533 975 operationem
575 904 781 956 Domini
827 903 978 956 nostri
1022 904 1134 957 lesu
1177 902 1357 955 Christi
1413 919 1634 956 convcr-

113 1002 138 1036 «
185 983 250 1035 sis
288 999 351 1034 ex
401 984 592 1035 haeresi
657 980 1062 1051 praedicantem.
1113 996 1137 1029 »
1182 980 1258 1031 Ex
1286 979 1464 1049 quibus
1524 979 1635 1035 luce

107 1059 290 1112 clarius
329 1069 521 1111 constat
555 1094 570 1122 ‚
615 1058 684 1109 nit
728 1057 867 1110 aliud
910 1074 1059 1127 agere
1105 1056 1390 1109 Honorium
1424 1093 1440 1121 ‚
1482 1073 1636 1126 quam

105 1154 167 1188 ca
219 1146 446 1205 repetere
486 1152 614 1205 quae
638 1153 663 1186 a
689 1134 868 1204 Sergio
909 1134 1088 1204 scripta
1133 1134 1348 1200 fuerant3
1388 1133 1636 1203 siquidem

106 1230 168 1265 ex
208 1212 427 1283 epistoiis
467 1213 571 1264 eius
612 1211 732 1263 dicit
771 1228 821 1264 sc
882 1211 1181 1280 cognovisse
1247 1227 1404 1262 novas
1454 1227 1637 1263 vocum

106 1289 420 1360 quaestiones
460 1306 550 1359 per
589 1286 935 1359 Sophronium
967 1287 1287 1341 introductas.
1316 1290 1381 1338 At
1408 1284 1485 1339 his
1518 1305 1637 1341 vcr-

108 1366 183 1420 his
259 1383 378 1419 cum
440 1366 648 1418 minime
714 1362 1061 1435 Sophronium
1129 1380 1400 1429 accusare,
1454 1374 1634 1434 patet,

110 1453 159 1496 et
197 1459 260 1495 cx
300 1460 399 1513 quo
464 1443 710 1511 Sergium.
761 1441 929 1494 laudet
989 1441 1050 1494 de
1090 1441 1286 1495 silentio
1311 1441 1506 1510 utrique
1536 1459 1632 1495 vo-

107 1519 286 1572 cabulo
311 1519 565 1590 imposito,
589 1530 637 1571 et
676 1536 737 1571 ex
759 1535 857 1589 quo
882 1518 1156 1588 praecipiat
1184 1527 1236 1569 ut
1264 1534 1412 1570 nemo
1436 1535 1637 1588 praesu-

110 1608 214 1649 mat
238 1615 401 1650 unam
434 1594 514 1649 vel
535 1592 670 1650 duas
692 1592 930 1667 enerqios
959 1592 1157 1649 Chris-ti
1178 1592 1282 1649 Dei
1303 1592 1640 1667 praedicare,

110 1685 160 1726 et
201 1674 401 1743 insuper
444 1672 727 1726 huiusmodi
781 1671 1025 1725 vocabula
1068 1672 1409 1741 grammaticis
1462 1673 1641 1724 dimit-

42 1794 48 1798 .
113 1761 200 1803 tat:
263 1747 497 1823 ineptum
536 1768 659 1804 vero
699 1746 828 1804 scitis
867 1749 997 1802 dicat
1059 1749 1106 1800 in
1149 1748 1367 1803 secunda
1427 1749 1641 1820 epistola

111 1824 301 1880 sentire
328 1835 374 1881 et
417 1834 663 1900 promam
712 1823 869 1880 unius
911 1823 1232 1898 opera-tionis
1271 1828 1350 1879 vel
1403 1823 1643 1880 (lustrum

110 1900 270 1980 sitisse
317 1900 612 1958 Dominum
654 1901 826 1957 Iesum
873 1899 1168 1969 Clerislttm3
1197 1914 1245 1956 et
1272 1903 1404 1973 quod
1435 1903 1642 1956 demum

113 1981 330 2034 affirmet
349 1999 399 2033 se
426 1981 675 2050 scripsisse
725 1992 829 2033 tum
874 1979 1033 2051 Cyro,
1081 1990 1186 2032 tum
1228 1979 1537 2051 Sophroiti0‚
1580 1999 1645 2034 nc

114 2075 280 2112 novae
307 2054 466 2127 voris,
492 2055 548 2110 id
575 2065 646 2110 est
669 2054 829 2111 unius
850 2061 927 2110 vel
954 2055 1193 2128 qeminae
1216 2055 1537 2130 operationis
1559 2073 1647 2109 vo-

115 2131 296 2188 cabulo
318 2131 559 2188 insistant
581 2133 658 2188 vel
685 2132 1057 2189 immorentur.
1093 2134 1143 2187 Si
1191 2134 1342 2203 igitur
1382 2134 1531 2186 citato
1556 2152 1646 2204 per

115 2210 467 2264 Mamachium
523 2212 811 2265 testimonio
861 2211 1120 2264 Honorius
1160 2221 1355 2264 accusat
1413 2210 1647 2280 Sophro-

114 2288 257 2343 nium
284 2289 422 2358 quod
447 2289 570 2341 duas
594 2290 913 2360 operationes
933 2300 1074 2342 vocet
1103 2307 1264 2341 noras
1284 2306 1471 2341 vocum
1495 2307 1649 2358 quae-

114 2362 322 2432 stione-53
352 2366 599 2419 accusabit
624 2367 808 2437 paritor
865 2365 1057 2435 Cyrum
1090 2365 1280 2434 ‚quod
1307 2382 1461 2417 unam
1511 2382 1640 2434 ope-

117 2442 363 2495 rationem
428 2444 646 2513 appclict
704 2440 1037 2506 novitatem,
1105 2448 1149 2493 et
1220 2439 1348 2511 quid
1398 2440 1635 2513 ineptum.

117 2519 338 2588 illudque
400 2519 601 2590 insuper
642 2518 944 2573 vocabulum
989 2519 1269 2589 proscribat
1303 2536 1319 2584 3
1353 2536 1453 2571 non
1507 2519 1645 2570 enim

117 2596 331 2648 duarum
373 2598 718 2650 tantummodo
750 2597 1099 2667 operationum
1132 2594 1402 2661 vocabulo,
1434 2595 1516 2647 sed
1545 2596 1645 2647 eti-

118 2689 200 2724 am
242 2672 388 2725 unius
427 2673 678 2727 silentium
724 2674 986 2727 indixerat.
1033 2672 1145 2727 Non
1202 2684 1432 2742 poterant
1496 2673 1648 2742 igitur

111 616 142 880 222.2
