1780 3038
97 167 314 227 tentiosa
350 162 648 243 pertinacia
706 173 1000 236 qeneretnr.
1065 163 1196 236 Quis
1235 174 1410 220 autem
1451 162 1554 220 erit
1584 203 1602 228 ‚

95 244 188 318 qui
223 241 371 301 nobis
409 240 623 297 interim
660 239 826 313 dicat,
867 249 1053 296 utrum
1075 239 1179 316 ipse
1216 263 1317 316 pro
1341 251 1481 296 certo
1512 239 1606 295 di·-

99 318 319 377 ctaverit
357 316 652 394 epistotam,
693 316 757 374 cle
795 338 899 389 qua
921 316 1073 373 illum
1102 316 1608 375 anathematizandi

96 395 337 474 fomitem
363 393 774 451 calumniatores
802 405 1158 469 susceperunt,
1175 416 1294 452 cum
1318 404 1367 451 et
1395 415 1461 449 ex
1479 393 1608 448 scri-

90 472 264 551 ptoris
320 471 400 527 vel
465 468 953 546 indisciplinatione
983 511 999 540 ‚
1040 470 1119 526 vel
1159 471 1214 528 in
1274 470 1605 547 Pontificem

95 548 219 607 odio
256 547 384 622 quid
408 545 705 621 continqere
743 546 842 603 tale
881 547 1105 620 potuerit
1129 546 1159 603 ⁴?
1202 548 1462 622 Quamvis
1499 568 1608 605 non

96 625 432 701 iqnoramus,
471 621 692 681 docente
731 623 788 680 S.
832 623 1078 681 Maximo
1102 667 1119 697 ‚
1161 623 1217 681 in
1258 625 1471 700 epistola
1509 645 1608 680 sua

94 723 255 776 qua-m
292 699 512 760 Marino
569 698 780 776 scripsit
822 699 1160 774 Presbytem,
1209 701 1609 759 sanctissimum

95 778 234 836 hanc
271 776 537 853 scripsisse
602 777 860 834 Ioannem
899 775 1158 833 abbatem.
1231 779 1356 835 Esto
1394 789 1442 835 et
1500 778 1610 853 ipsc

98 858 115 929 (
142 854 436 930 Honorius)
474 851 706 910 dictator
731 852 925 923 extiti13
953 852 1068 926 qais
1096 852 1220 910 hinc
1249 855 1400 912 illum
1426 854 1610 912 inter-

97 930 309 1006 roqavit
334 930 365 987 ⁶?
406 929 523 1005 qais
562 929 902 986 intentionem
945 929 1317 1004 ivtvestiqavit‘?
1358 942 1453 988 etc.

171 1013 238 1063 At
277 1009 408 1064 hanc
448 1009 694 1062 Anastasii
756 1010 1192 1062 ratiocinationem
1234 1009 1360 1063 nihil
1401 1012 1612 1064 demon·

95 1088 346 1155 strationi,
387 1104 540 1158 quam
579 1086 642 1140 de
675 1084 823 1138 huius
861 1086 1100 1157 epistolae
1128 1088 1441 1156 genuinitate
1469 1088 1608 1147 dedi,

95 1163 320 1232 officere,
361 1162 681 1217 manifestum
745 1179 849 1218 esse
906 1180 970 1216 ex
1019 1165 1338 1233 sequentibus
1369 1164 1605 1219 arbitror.

96 1241 375 1312 Siquidem.
1427 1289 1433 1292 ,

252 1319 275 1372 1
322 1317 609 1371 Anastasius
647 1316 967 1371 coniecturae
1009 1316 1238 1370 innititur
1262 1359 1279 1387 ,
1319 1335 1450 1389 quae
1492 1335 1610 1372 cer·-

97 1394 280 1448 tissima
322 1405 617 1464 argumenta
661 1393 934 1463 infringere
974 1410 1076 1446 non
1118 1401 1297 1465 potest.

249 1474 301 1525 9..
345 1473 459 1526 Non
501 1469 751 1524 inficiatur
774 1469 904 1523 hanc
935 1470 1150 1524 Honorii
1192 1470 1456 1542 epistolam
1483 1472 1612 1526 scri-

97 1558 235 1619 ptam
275 1549 471 1603 Romae
512 1550 681 1615 suisse3
722 1548 806 1600 sed
848 1549 1196 1601 tantummodo
1236 1550 1430 1601 dubitat
1452 1567 1515 1602 an
1547 1548 1611 1601 it·-

95 1624 197 1679 1am
235 1626 494 1681 Honorius
516 1625 800 1696 dictaverit,
830 1623 913 1679 vel
953 1624 1079 1678 alius
1118 1626 1327 1697 quilibet
1357 1627 1406 1679 in
1437 1627 1612 1681 odium

97 1702 266 1775 ipsiuS.

72 1781 75 1785 ‘
247 1780 300 1833 3.
345 1781 424 1834 Ab
464 1780 570 1835 eius
609 1778 882 1850 scriptione
941 1778 1161 1832 excludit
1200 1779 1482 1834 Orientaies
1506 1821 1522 1848 ‚
1563 1791 1614 1833 et

97 1855 457 1911 Monothelitas
495 1858 782 1928 quoslibetg
823 1870 939 1907 cum
981 1855 1031 1908 hi
1086 1874 1187 1910 non
1227 1875 1290 1910 ex
1331 1857 1613 1926 indiscipli-

96 1934 323 2005 natione,
366 1935 444 1990 vei
488 1935 604 1988 odio
649 1934 698 1986 in
738 1930 1038 1988 Pontificem
1067 1952 1179 1987 eam
1220 1945 1354 1988 certe
1382 1936 1613 2005 scripsis-

94 2021 222 2078 sen13
250 2024 398 2082 atque
427 2012 488 2065 dc
511 2017 680 2066 cetero
707 2011 824 2065 satis
851 2017 1044 2065 constet
1073 2010 1431 2066 Monotheiitas
1458 2030 1613 2064 num-

95 2104 247 2158 quam
287 2090 483 2143 Romae
530 2088 694 2142 tuisse.

247 2166 300 2219 4.
343 2166 518 2236 Neque
552 2165 790 2218 unimode
819 2165 1021 2220 Ioannis
1042 2165 1157 2231 IV„
1199 2164 1279 2219 vel
1322 2165 1374 2217 S.
1403 2165 1611 2217 Maximi

97 2243 448 2295 auctoritatem
490 2242 692 2308 refellit,
717 2244 806 2313 qui
828 2262 941 2298 eam
983 2242 1434 2296 dicunta‘loanne
1457 2242 1613 2312 Sym-

97 2334 231 2387 pono
270 2319 508 2390 scriptam
540 2357 556 2389 ‚
598 2337 750 2390 quem
788 2321 1078 2374 Anastasius
1130 2321 1299 2374 virum
1357 2319 1613 2371 sanctissi-

96 2408 237 2448 mum
280 2403 446 2451 vocat.

219 2473 301 2525 «5.
346 2474 460 2526 Non
484 2484 584 2526 tam
625 2490 687 2526 ex
727 2473 958 2545 epistola,
999 2490 1152 2544 quam
1181 2471 1315 2543 quod
1355 2471 1613 2524 Honorius

39 2613 41 2615 ,
95 2549 325 2618 pertinax
364 2550 414 2602 in
454 2567 627 2604 errore
666 2550 927 2605 defunctus
967 2567 1068 2604 non
1098 2549 1268 2619 suerit,
1307 2566 1424 2601 eum
1457 2565 1613 2601 excu-

95 2640 204 2678 sare
244 2626 530 2679 Anastasius
568 2638 800 2692 conatur3
846 2629 894 2679 in
936 2644 1035 2696 quo
1077 2627 1137 2678 de
1177 2637 1344 2679 cetero
1392 2625 1608 2678 excedit.

247 2703 300 2754 6.
347 2703 552 2756 Faisum
593 2705 797 2756 demum
839 2704 1031 2774 scribit,
1074 2720 1188 2755 cum
1220 2702 1441 2756 absolute
1470 2704 1610 2765 dicit,

97 2776 432 2837 intentionem
463 2780 675 2836 Honorii
719 2798 819 2835 non
866 2778 1011 2836 fuisse
1058 2780 1426 2851 investigatain3
1453 2781 1612 2851 siqui-
