1780 3038
152 195 264 242 rent
301 183 655 240 Monothelitas
683 183 836 237 veluti
862 181 1137 234 haereticas
1168 180 1275 234 eius
1295 180 1524 253 epistolas
1553 191 1660 240 tra-

153 264 356 329 ducere,
379 273 427 315 et
449 261 583 315 abuti
603 260 857 313 sententiis
879 258 1124 328 aliquibus
1146 258 1317 311 animo
1340 276 1541 329 prorsus
1568 277 1660 313 ca-

154 331 346 393 tholico*
382 338 602 409 prolatiS,
633 336 694 387 ad
722 353 835 388 suos
873 334 1270 387 disseminandos
1291 352 1504 402 errores3
1525 336 1659 406 quod

153 417 354 485 quidem
396 414 539 468 valde
579 411 813 464 admirari
856 411 1116 476 debemus3
1158 409 1197 461 si
1238 412 1377 464 enim
1418 412 1657 482 professio

155 492 269 545 fidei
310 492 371 542 ab
411 506 471 543 eo
513 489 687 540 tradita
748 486 993 539 catholiea
1038 487 1368 557 undequaque
1433 505 1535 540 non
1577 488 1662 540 fu-

154 569 309 633 isset,
350 564 602 635 quomodo
642 562 1089 617 Monothelitarum
1132 565 1362 617 acerrimi
1423 564 1663 618 adversa-

155 644 216 696 rii
257 659 368 694 eam
409 650 634 711 repetere
674 635 980 710 potuerunt?
1028 639 1171 703 Quae
1212 656 1275 693 ne
1317 641 1472 710 gratis
1510 658 1538 694 a
1579 659 1663 695 me

153 720 283 772 dicta
323 733 426 770 esse
467 717 755 783 videantur,
799 717 863 769 ob
907 715 1080 769 oculos
1121 715 1366 770 lectorum
1420 733 1556 788 pono
1597 718 1666 770 fi-

154 795 232 848 dei
291 793 650 864 professionem
692 810 718 845 a
760 791 1050 863 Sophronio
1092 793 1277 845 editam
1343 794 1393 846 in
1452 794 1662 865 epistola

155 869 407 941 Synodica
439 906 456 935 ,
496 886 649 940 quam
689 869 1028 938 adeergium
1093 869 1232 922 dedit
1271 879 1319 924 et
1385 870 1446 922 ad
1490 888 1665 925 omnes

157 944 496 1011 PatriarchaS,
538 963 765 1016 quaeque
805 945 931 999 lecta
971 954 1043 999 est
1081 946 1293 999 Actione
1331 945 1426 999 XI.
1478 946 1666 1001 Conci-

155 1023 213 1075 lii
255 1022 341 1074 vl.
387 1023 557 1092 Inquit
595 1023 751 1075 enim.

235 1116 261 1151 «
308 1098 450 1152 Unde
494 1098 623 1152 idem
666 1100 771 1169 ipse
794 1115 922 1151 unus
963 1115 1173 1152 manens
1200 1097 1445 1167 ChristuS,
1486 1107 1535 1154 et
1573 1100 1668 1153 Fi-

157 1196 184 1230 «
235 1175 328 1228 lius
367 1186 416 1228 et
455 1175 775 1246 Unigenitus,
807 1176 1117 1246 inseparatus
1141 1176 1189 1227 in
1215 1176 1437 1247 utrisque
1477 1177 1668 1230 naturis

159 1268 187 1304 α
236 1252 561 1323 conspicitur,
585 1262 633 1306 et
654 1269 781 1322 quae
802 1259 917 1306 sunt
941 1253 1194 1323 utriusque
1227 1253 1528 1306 substantiae
1569 1270 1666 1309 na-

160 1345 187 1380 «
231 1329 453 1383 turaliter
492 1332 813 1400 operabatur,
843 1330 1117 1382 secundum
1159 1329 1357 1383 insitam
1392 1329 1663 1401 unicuique

160 1425 187 1458 α
231 1406 546 1460 essentialem
586 1405 898 1476 qualitatem,
921 1407 1028 1461 sive
1069 1406 1348 1461 naturalem
1378 1407 1665 1478 proprieta-

160 1498 186 1533 «
233 1491 350 1534 tem.
394 1482 539 1547 Quod
579 1484 616 1534 si
660 1493 891 1535 naturam
914 1482 1119 1537 haberet
1145 1483 1468 1556 singularem!
1493 1494 1542 1536 et
1582 1483 1666 1536 in-

158 1577 186 1611 «
231 1559 571 1629 coniunctam,
592 1560 722 1630 sicut
743 1570 791 1612 et
812 1560 1178 1614 subsistentiam
1202 1571 1348 1630 atque
1375 1576 1664 1631 personam,

160 1651 187 1686 «
233 1652 333 1688 non
375 1647 545 1706 ageret
585 1638 777 1707 utique,
820 1654 982 1707 neque
1006 1654 1132 1690 unus
1155 1636 1386 1706 idemque
1415 1636 1570 1689 Filius
1609 1649 1658 1690 et

159 1727 187 1762 ι(
232 1711 452 1765 Christus
475 1712 690 1783 perfecte
712 1713 932 1767 efficeret
962 1731 1089 1784 quae
1112 1713 1368 1784 utriusque
1389 1722 1532 1766 erant
1570 1729 1667 1767 na-

162 1804 190 1838 «
235 1798 390 1841 turae.
438 1789 653 1853 Quando
694 1790 830 1843 enim
854 1790 1008 1844 deitas
1029 1807 1210 1861 expers
1248 1790 1473 1862 corporis
1513 1798 1668 1844 natu-

161 1881 188 1914 «
234 1865 402 1918 raliter
415 1876 615 1936 operata
638 1864 743 1920 est?
767 1867 843 1922 vel
867 1867 1121 1938 quomodo
1146 1884 1327 1937 corpus
1349 1867 1534 1920 deitate
1564 1865 1666 1920 fru-

161 1961 188 1995 «
233 1948 443 1994 stratum
485 1940 708 1997 actiones
732 1957 995 2014 operatum
1037 1953 1148 2013 est,
1192 1961 1319 2013 quae
1341 1942 1669 1997 essentialiter

161 2038 188 2071 «
233 2018 430 2071 deitatis
472 2036 575 2072 esse
646 2019 952 2075 noscuntur?
1013 2018 1086 2094 (l)
1126 2020 1315 2073 Verum
1339 2019 1666 2092 Emmanuel,

162 2114 189 2148 «
237 2094 353 2147 dum
394 2112 520 2147 unus
542 2105 634 2161 est,
675 2107 724 2150 et
767 2098 815 2150 in
857 2115 917 2151 eo
961 2097 1065 2168 ipso
1089 2108 1321 2167 utraque,
1354 2097 1400 2149 id
1449 2105 1521 2150 est
1561 2096 1668 2149 De-

162 2190 189 2223 «
236 2188 291 2223 us
330 2181 378 2224 et
416 2170 571 2225 homo
610 2214 626 2245 ,
667 2191 795 2244 quae
819 2185 1025 2227 naturae
1050 2174 1304 2243 utriusque
1361 2181 1476 2225 sunt
1515 2182 1667 2232 natu-

162 2266 189 2299 «
235 2247 402 2301 ralier
442 2250 609 2317 gessit,
651 2252 927 2303 secundum
970 2250 1103 2303 aliud
1155 2261 1304 2319 atque
1345 2249 1477 2302 aliud
1537 2266 1667 2319 quae

162 2345 189 2377 «
233 2334 366 2392 gesta
406 2335 519 2377 sunt
558 2343 792 2397 operans3
834 2327 1107 2380 secundum
1148 2327 1281 2395 quod
1306 2327 1441 2379 Deus
1463 2326 1666 2395 quidem

163 2419 189 2451 «
234 2409 324 2466 est,
350 2401 479 2454 idem
503 2402 604 2472 ipse
631 2414 702 2455 est
722 2421 849 2474 quae
889 2404 1059 2458 divina
1081 2414 1212 2469 sunt3
1232 2403 1504 2456 secundum
1532 2402 1666 2472 quod

163 2497 189 2530 «
233 2473 408 2545 homo,
451 2477 583 2533 idem
624 2479 726 2551 ipse
765 2489 837 2534 est
876 2497 1002 2552 quae
1043 2477 1265 2533 humana
1286 2489 1420 2547 sunt,
1449 2478 1667 2550 seipsum

221 2624 378 2680 (l.>His
407 2629 539 2672 verbis
558 2629 1032 2686 poterantMonothelitae
1079 2631 1189 2676 abuti
1217 2638 1259 2675 ut
1311 2628 1476 2676 Honorii
1506 2628 1664 2690 verbis,

159 2687 193 2730 si
224 2684 397 2728 cavillari
429 2688 658 2733 voluissent.
1608 2692 1614 2698 ⁸
