<?xml version="1.0" encoding="UTF-8"?>
<!DOCTYPE html PUBLIC "-//W3C//DTD XHTML 1.0 Transitional//EN"
    "http://www.w3.org/TR/xhtml1/DTD/xhtml1-transitional.dtd">
<html xmlns="http://www.w3.org/1999/xhtml" xml:lang="en" lang="en">
 <head>
  <title>
</title>
<meta http-equiv="Content-Type" content="text/html;charset=utf-8" />
  <meta name='ocr-system' content='tesseract 3.04.00' />
  <meta name='ocr-capabilities' content='ocr_page ocr_carea ocr_par ocr_line ocrx_word'/>
</head>
<body>
  <div class='ocr_page' id='page_1' title='image "a603242300pennuoft_0052.png"; bbox 0 0 1780 3038; ppageno 0'>
   <div class='ocr_carea' id='block_1_1' title="bbox 184 438 215 694">
    <p class='ocr_par' dir='ltr' id='par_1_1' title="bbox 184 438 215 694">
     <span class='ocr_line' id='line_1_1' title="bbox 185 438 211 470; baseline -0.038 0"><span class='ocrx_word' id='word_1_1' title='bbox 185 438 211 470; x_wconf 82' lang='grc'>((</span> 
     </span>
     <span class='ocr_line' id='line_1_2' title="bbox 186 511 212 543; baseline 0.077 -2"><span class='ocrx_word' id='word_1_2' title='bbox 186 511 212 543; x_wconf 89' lang='grc'>((</span> 
     </span>
     <span class='ocr_line' id='line_1_3' title="bbox 184 587 215 619; baseline 0 0"><span class='ocrx_word' id='word_1_3' title='bbox 184 587 215 619; x_wconf 67' lang='grc' dir='ltr'>(ἵ</span> 
     </span>
     <span class='ocr_line' id='line_1_4' title="bbox 185 662 211 694; baseline 0 0"><span class='ocrx_word' id='word_1_4' title='bbox 185 662 211 694; x_wconf 67' lang='grc' dir='ltr'>ί(</span> 
     </span>
    </p>
   </div>
   <div class='ocr_carea' id='block_1_2' title="bbox 184 736 223 2290">
    <p class='ocr_par' dir='ltr' id='par_1_2' title="bbox 184 736 223 2290">
     <span class='ocr_line' id='line_1_5' title="bbox 185 736 211 769; baseline 0.038 -1"><span class='ocrx_word' id='word_1_5' title='bbox 185 736 211 769; x_wconf 78' lang='grc' dir='ltr'>ι(</span> 
     </span>
     <span class='ocr_line' id='line_1_6' title="bbox 185 811 211 845; baseline 0 0"><span class='ocrx_word' id='word_1_6' title='bbox 185 811 211 845; x_wconf 71' lang='grc' dir='ltr'><strong>α</strong></span> 
     </span>
     <span class='ocr_line' id='line_1_7' title="bbox 185 888 211 921; baseline 0 0"><span class='ocrx_word' id='word_1_7' title='bbox 185 888 211 921; x_wconf 85' lang='grc'><strong>«</strong></span> 
     </span>
     <span class='ocr_line' id='line_1_8' title="bbox 184 967 210 999; baseline 0 -3"><span class='ocrx_word' id='word_1_8' title='bbox 184 967 210 999; x_wconf 57' lang='grc' dir='ltr'><strong>α</strong></span> 
     </span>
     <span class='ocr_line' id='line_1_9' title="bbox 184 1041 211 1074; baseline 0 0"><span class='ocrx_word' id='word_1_9' title='bbox 184 1041 211 1074; x_wconf 76' lang='grc' dir='ltr'>α</span> 
     </span>
     <span class='ocr_line' id='line_1_10' title="bbox 184 1116 212 1149; baseline 0 0"><span class='ocrx_word' id='word_1_10' title='bbox 184 1116 212 1149; x_wconf 68' lang='grc' dir='ltr'>ε(</span> 
     </span>
     <span class='ocr_line' id='line_1_11' title="bbox 186 1193 213 1226; baseline 0 0"><span class='ocrx_word' id='word_1_11' title='bbox 186 1193 213 1226; x_wconf 79' lang='grc' dir='ltr'><strong><em>α</em></strong></span> 
     </span>
     <span class='ocr_line' id='line_1_12' title="bbox 188 1268 214 1302; baseline 0 0"><span class='ocrx_word' id='word_1_12' title='bbox 188 1268 214 1302; x_wconf 72' lang='grc' dir='ltr'><em>α</em></span> 
     </span>
     <span class='ocr_line' id='line_1_13' title="bbox 185 1347 216 1379; baseline 0 0"><span class='ocrx_word' id='word_1_13' title='bbox 185 1347 216 1379; x_wconf 58' lang='grc' dir='ltr'><em>Κ</em></span> 
     </span>
     <span class='ocr_line' id='line_1_14' title="bbox 188 1419 215 1454; baseline 0 0"><span class='ocrx_word' id='word_1_14' title='bbox 188 1419 215 1454; x_wconf 70' lang='grc' dir='ltr'><strong><em>ι</em></strong></span> 
     </span>
     <span class='ocr_line' id='line_1_15' title="bbox 188 1495 214 1543; baseline 0 -13"><span class='ocrx_word' id='word_1_15' title='bbox 188 1495 214 1543; x_wconf 67' lang='grc' dir='ltr'>,ι</span> 
     </span>
     <span class='ocr_line' id='line_1_16' title="bbox 187 1574 215 1607; baseline 0 0"><span class='ocrx_word' id='word_1_16' title='bbox 187 1574 215 1607; x_wconf 66' lang='grc' dir='ltr'><em>α</em></span> 
     </span>
     <span class='ocr_line' id='line_1_17' title="bbox 187 1651 215 1683; baseline 0 0"><span class='ocrx_word' id='word_1_17' title='bbox 187 1651 215 1683; x_wconf 70' lang='grc'><strong>«</strong></span> 
     </span>
     <span class='ocr_line' id='line_1_18' title="bbox 185 1724 217 1757; baseline 0 -6"><span class='ocrx_word' id='word_1_18' title='bbox 185 1724 217 1757; x_wconf 56' lang='lat' dir='ltr'>ss</span> 
     </span>
     <span class='ocr_line' id='line_1_19' title="bbox 189 1799 217 1833; baseline 0 0"><span class='ocrx_word' id='word_1_19' title='bbox 189 1799 217 1833; x_wconf 68' lang='grc' dir='ltr'><strong><em>α</em></strong></span> 
     </span>
     <span class='ocr_line' id='line_1_20' title="bbox 185 1878 218 1910; baseline 0 0"><span class='ocrx_word' id='word_1_20' title='bbox 185 1878 218 1910; x_wconf 59' lang='grc' dir='ltr'>ί</span> 
     </span>
     <span class='ocr_line' id='line_1_21' title="bbox 193 1953 219 1986; baseline 0 0"><span class='ocrx_word' id='word_1_21' title='bbox 193 1953 219 1986; x_wconf 70' lang='grc' dir='ltr'><strong><em>α</em></strong></span> 
     </span>
     <span class='ocr_line' id='line_1_22' title="bbox 187 2029 220 2062; baseline 0 0"><span class='ocrx_word' id='word_1_22' title='bbox 187 2029 220 2062; x_wconf 81' lang='lat'>-«</span> 
     </span>
     <span class='ocr_line' id='line_1_23' title="bbox 193 2108 219 2140; baseline 0 0"><span class='ocrx_word' id='word_1_23' title='bbox 193 2108 219 2140; x_wconf 66' lang='grc' dir='ltr'>Κ</span> 
     </span>
     <span class='ocr_line' id='line_1_24' title="bbox 196 2185 221 2216; baseline 0 0"><span class='ocrx_word' id='word_1_24' title='bbox 196 2185 221 2216; x_wconf 68' lang='grc' dir='ltr'>(ί</span> 
     </span>
     <span class='ocr_line' id='line_1_25' title="bbox 197 2257 223 2290; baseline 0 0"><span class='ocrx_word' id='word_1_25' title='bbox 197 2257 223 2290; x_wconf 86' lang='grc'><strong>«</strong></span> 
     </span>
    </p>
   </div>
   <div class='ocr_carea' id='block_1_3' title="bbox 198 2338 223 2369">
    <p class='ocr_par' dir='ltr' id='par_1_3' title="bbox 198 2338 223 2369">
     <span class='ocr_line' id='line_1_26' title="bbox 198 2338 223 2369; baseline 0 0"><span class='ocrx_word' id='word_1_26' title='bbox 198 2338 223 2369; x_wconf 61' lang='grc' dir='ltr'>Ε(</span> 
     </span>
    </p>
   </div>
   <div class='ocr_carea' id='block_1_4' title="bbox 255 251 1686 1008">
    <p class='ocr_par' dir='ltr' id='par_1_4' title="bbox 255 251 1686 1008">
     <span class='ocr_line' id='line_1_27' title="bbox 260 251 1677 327; baseline -0.006 -13"><span class='ocrx_word' id='word_1_27' title='bbox 260 280 286 314; x_wconf 69' lang='lat' dir='ltr'>a</span> <span class='ocrx_word' id='word_1_28' title='bbox 329 259 604 314; x_wconf 84' lang='lat' dir='ltr'>Nonnullos</span> <span class='ocrx_word' id='word_1_29' title='bbox 669 272 787 311; x_wconf 83' lang='lat' dir='ltr'>vero</span> <span class='ocrx_word' id='word_1_30' title='bbox 822 252 1153 327; x_wconf 83' lang='lat' dir='ltr'>probabilium</span> <span class='ocrx_word' id='word_1_31' title='bbox 1216 261 1414 319; x_wconf 80' lang='lat' dir='ltr'>patrum</span> <span class='ocrx_word' id='word_1_32' title='bbox 1469 251 1677 323; x_wconf 65' lang='lat' dir='ltr'>scimuS,</span> 
     </span>
     <span class='ocr_line' id='line_1_28' title="bbox 257 326 1679 406; baseline -0.007 -15"><span class='ocrx_word' id='word_1_33' title='bbox 257 330 304 391; x_wconf 78' lang='lat' dir='ltr'>et</span> <span class='ocrx_word' id='word_1_34' title='bbox 345 337 607 406; x_wconf 77' lang='lat' dir='ltr'>praecipue</span> <span class='ocrx_word' id='word_1_35' title='bbox 645 333 1008 385; x_wconf 86' lang='lat' dir='ltr'>sanctissimum</span> <span class='ocrx_word' id='word_1_36' title='bbox 1050 326 1297 396; x_wconf 85' lang='lat' dir='ltr'>Cyrillum</span> <span class='ocrx_word' id='word_1_37' title='bbox 1346 328 1679 382; x_wconf 75' lang='lat' dir='ltr'>Alexandriae</span> 
     </span>
     <span class='ocr_line' id='line_1_29' title="bbox 257 404 1678 482; baseline -0.006 -17"><span class='ocrx_word' id='word_1_38' title='bbox 257 412 719 482; x_wconf 81' lang='lat' dir='ltr'>Archiepiscopum,</span> <span class='ocrx_word' id='word_1_39' title='bbox 752 408 798 459; x_wconf 92' lang='lat' dir='ltr'>in</span> <span class='ocrx_word' id='word_1_40' title='bbox 828 404 1125 475; x_wconf 88' lang='lat' dir='ltr'>quibusdam</span> <span class='ocrx_word' id='word_1_41' title='bbox 1166 404 1359 473; x_wconf 86' lang='lat' dir='ltr'>seriptis</span> <span class='ocrx_word' id='word_1_42' title='bbox 1386 406 1486 457; x_wconf 91' lang='lat' dir='ltr'>suis</span> <span class='ocrx_word' id='word_1_43' title='bbox 1524 422 1678 458; x_wconf 88' lang='lat' dir='ltr'>unam</span> 
     </span>
     <span class='ocr_line' id='line_1_30' title="bbox 260 478 1677 555; baseline -0.006 -14"><span class='ocrx_word' id='word_1_44' title='bbox 260 489 508 542; x_wconf 79' lang='lat' dir='ltr'>vivificam</span> <span class='ocrx_word' id='word_1_45' title='bbox 575 484 914 555; x_wconf 80' lang='lat' dir='ltr'>operationem</span> <span class='ocrx_word' id='word_1_46' title='bbox 963 478 1144 532; x_wconf 87' lang='lat' dir='ltr'>Christ-i</span> <span class='ocrx_word' id='word_1_47' title='bbox 1210 481 1313 533; x_wconf 89' lang='lat' dir='ltr'>veri</span> <span class='ocrx_word' id='word_1_48' title='bbox 1375 480 1469 533; x_wconf 87' lang='lat' dir='ltr'>Dei</span> <span class='ocrx_word' id='word_1_49' title='bbox 1521 483 1677 535; x_wconf 82' lang='lat' dir='ltr'>nostri</span> 
     </span>
     <span class='ocr_line' id='line_1_31' title="bbox 258 558 1681 628; baseline -0.005 -11"><span class='ocrx_word' id='word_1_50' title='bbox 258 566 523 628; x_wconf 79' lang='lat' dir='ltr'>dicentem3</span> <span class='ocrx_word' id='word_1_51' title='bbox 563 563 646 613; x_wconf 83' lang='lat' dir='ltr'>sed</span> <span class='ocrx_word' id='word_1_52' title='bbox 687 570 734 612; x_wconf 89' lang='lat' dir='ltr'>et</span> <span class='ocrx_word' id='word_1_53' title='bbox 762 560 971 611; x_wconf 86' lang='lat' dir='ltr'>Mennas</span> <span class='ocrx_word' id='word_1_54' title='bbox 999 567 1197 609; x_wconf 85' lang='lat' dir='ltr'>sanctae</span> <span class='ocrx_word' id='word_1_55' title='bbox 1223 558 1499 610; x_wconf 89' lang='lat' dir='ltr'>memoriae</span> <span class='ocrx_word' id='word_1_56' title='bbox 1521 575 1681 627; x_wconf 85' lang='lat' dir='ltr'>quon·</span> 
     </span>
     <span class='ocr_line' id='line_1_32' title="bbox 257 633 1682 707; baseline -0.003 -15"><span class='ocrx_word' id='word_1_57' title='bbox 257 641 369 693; x_wconf 91' lang='lat' dir='ltr'>dam</span> <span class='ocrx_word' id='word_1_58' title='bbox 434 636 848 707; x_wconf 86' lang='lat' dir='ltr'>Archiepiscopus</span> <span class='ocrx_word' id='word_1_59' title='bbox 889 651 915 685; x_wconf 91' lang='lat' dir='ltr'>a</span> <span class='ocrx_word' id='word_1_60' title='bbox 958 633 1066 685; x_wconf 91' lang='lat' dir='ltr'>Deo</span> <span class='ocrx_word' id='word_1_61' title='bbox 1121 634 1492 687; x_wconf 84' lang='lat' dir='ltr'>conservandae</span> <span class='ocrx_word' id='word_1_62' title='bbox 1534 633 1682 688; x_wconf 84' lang='lat' dir='ltr'>huius</span> 
     </span>
     <span class='ocr_line' id='line_1_33' title="bbox 256 709 1680 785; baseline -0.004 -17"><span class='ocrx_word' id='word_1_63' title='bbox 256 716 421 785; x_wconf 80' lang='lat' dir='ltr'>regiae</span> <span class='ocrx_word' id='word_1_64' title='bbox 483 714 615 765; x_wconf 84' lang='lat' dir='ltr'>urbis</span> <span class='ocrx_word' id='word_1_65' title='bbox 672 727 957 764; x_wconf 86' lang='lat' dir='ltr'>sermonem</span> <span class='ocrx_word' id='word_1_66' title='bbox 1018 711 1299 779; x_wconf 75' lang='lat' dir='ltr'>composuit</span> <span class='ocrx_word' id='word_1_67' title='bbox 1349 709 1680 763; x_wconf 72' lang='lat' dir='ltr'>acclamatum</span> 
     </span>
     <span class='ocr_line' id='line_1_34' title="bbox 257 785 1680 860; baseline -0.004 -15"><span class='ocrx_word' id='word_1_68' title='bbox 257 793 315 845; x_wconf 86' lang='lat' dir='ltr'>ad</span> <span class='ocrx_word' id='word_1_69' title='bbox 348 790 587 860; x_wconf 70' lang='lat' dir='ltr'>vigilium</span> <span class='ocrx_word' id='word_1_70' title='bbox 616 789 872 858; x_wconf 91' lang='lat' dir='ltr'>quondam</span> <span class='ocrx_word' id='word_1_71' title='bbox 914 785 1292 838; x_wconf 79' lang='lat' dir='ltr'>Sanctissimum</span> <span class='ocrx_word' id='word_1_72' title='bbox 1321 788 1512 856; x_wconf 88' lang='lat' dir='ltr'>Papam</span> <span class='ocrx_word' id='word_1_73' title='bbox 1547 787 1680 840; x_wconf 77' lang='lat' dir='ltr'>anti—</span> 
     </span>
     <span class='ocr_line' id='line_1_35' title="bbox 255 861 1683 938; baseline -0.001 -19"><span class='ocrx_word' id='word_1_74' title='bbox 255 884 381 938; x_wconf 91' lang='lat' dir='ltr'>quae</span> <span class='ocrx_word' id='word_1_75' title='bbox 420 868 633 932; x_wconf 87' lang='lat' dir='ltr'>Romae,</span> <span class='ocrx_word' id='word_1_76' title='bbox 677 867 725 917; x_wconf 81' lang='lat' dir='ltr'>in</span> <span class='ocrx_word' id='word_1_77' title='bbox 765 881 864 934; x_wconf 88' lang='lat' dir='ltr'>quo</span> <span class='ocrx_word' id='word_1_78' title='bbox 903 873 951 915; x_wconf 90' lang='lat' dir='ltr'>et</span> <span class='ocrx_word' id='word_1_79' title='bbox 994 862 1096 932; x_wconf 87' lang='lat' dir='ltr'>ipse</span> <span class='ocrx_word' id='word_1_80' title='bbox 1136 861 1289 913; x_wconf 89' lang='lat' dir='ltr'>simili</span> <span class='ocrx_word' id='word_1_81' title='bbox 1333 863 1484 916; x_wconf 90' lang='lat' dir='ltr'>modo</span> <span class='ocrx_word' id='word_1_82' title='bbox 1526 881 1683 917; x_wconf 81' lang='lat' dir='ltr'>unam</span> 
     </span>
     <span class='ocr_line' id='line_1_36' title="bbox 255 937 1686 1008; baseline -0.003 -11"><span class='ocrx_word' id='word_1_83' title='bbox 255 942 562 997; x_wconf 85' lang='lat' dir='ltr'>voluntatem</span> <span class='ocrx_word' id='word_1_84' title='bbox 588 980 603 1008; x_wconf 81' lang='lat'>‚</span> <span class='ocrx_word' id='word_1_85' title='bbox 646 952 694 994; x_wconf 90' lang='lat' dir='ltr'>et</span> <span class='ocrx_word' id='word_1_86' title='bbox 735 958 887 994; x_wconf 89' lang='lat' dir='ltr'>unam</span> <span class='ocrx_word' id='word_1_87' title='bbox 929 938 1097 1008; x_wconf 89' lang='lat' dir='ltr'>magni</span> <span class='ocrx_word' id='word_1_88' title='bbox 1139 937 1278 1004; x_wconf 90' lang='lat' dir='ltr'>Dei,</span> <span class='ocrx_word' id='word_1_89' title='bbox 1320 948 1369 991; x_wconf 78' lang='lat' dir='ltr'>et</span> <span class='ocrx_word' id='word_1_90' title='bbox 1409 939 1686 993; x_wconf 64' lang='lat' dir='ltr'>Salvatoris</span> 
     </span>
    </p>
   </div>
   <div class='ocr_carea' id='block_1_5' title="bbox 179 1015 1684 1087">
    <p class='ocr_par' dir='ltr' id='par_1_5' title="bbox 179 1015 1684 1087">
     <span class='ocr_line' id='line_1_37' title="bbox 179 1015 1684 1087; baseline 0.001 -19"><span class='ocrx_word' id='word_1_91' title='bbox 179 1064 183 1068; x_wconf 89' lang='lat'>.</span> <span class='ocrx_word' id='word_1_92' title='bbox 257 1019 407 1072; x_wconf 80' lang='lat' dir='ltr'>nostri</span> <span class='ocrx_word' id='word_1_93' title='bbox 450 1019 557 1071; x_wconf 89' lang='lat' dir='ltr'>Iesu</span> <span class='ocrx_word' id='word_1_94' title='bbox 597 1017 777 1070; x_wconf 78' lang='lat' dir='ltr'>Christi</span> <span class='ocrx_word' id='word_1_95' title='bbox 821 1017 1163 1087; x_wconf 78' lang='lat' dir='ltr'>operationem</span> <span class='ocrx_word' id='word_1_96' title='bbox 1222 1015 1481 1068; x_wconf 80' lang='lat' dir='ltr'>adstruxit.</span> <span class='ocrx_word' id='word_1_97' title='bbox 1526 1017 1589 1069; x_wconf 88' lang='lat' dir='ltr'>Et</span> <span class='ocrx_word' id='word_1_98' title='bbox 1630 1027 1684 1071; x_wconf 76' lang='lat' dir='ltr'>ut</span> 
     </span>
    </p>
   </div>
   <div class='ocr_carea' id='block_1_6' title="bbox 257 1091 1682 1166">
    <p class='ocr_par' dir='ltr' id='par_1_6' title="bbox 257 1091 1682 1166">
     <span class='ocr_line' id='line_1_38' title="bbox 257 1091 1682 1166; baseline -0.001 -19"><span class='ocrx_word' id='word_1_99' title='bbox 257 1095 633 1166; x_wconf 88' lang='lat' dir='ltr'>prudentissima</span> <span class='ocrx_word' id='word_1_100' title='bbox 676 1106 836 1149; x_wconf 87' lang='lat' dir='ltr'>vestra</span> <span class='ocrx_word' id='word_1_101' title='bbox 877 1091 1133 1161; x_wconf 79' lang='lat' dir='ltr'>diligentia</span> <span class='ocrx_word' id='word_1_102' title='bbox 1179 1092 1407 1161; x_wconf 86' lang='lat' dir='ltr'>relegens</span> <span class='ocrx_word' id='word_1_103' title='bbox 1431 1093 1682 1164; x_wconf 86' lang='lat' dir='ltr'>vigorem,</span> 
     </span>
    </p>
   </div>
   <div class='ocr_carea' id='block_1_7' title="bbox 179 1158 1773 1240">
    <p class='ocr_par' dir='ltr' id='par_1_7' title="bbox 179 1158 1773 1240">
     <span class='ocr_line' id='line_1_39' title="bbox 179 1158 1773 1240; baseline 0.001 -19"><span class='ocrx_word' id='word_1_104' title='bbox 179 1216 184 1221; x_wconf 88' lang='lat'><strong><em>.</em></strong></span> <span class='ocrx_word' id='word_1_105' title='bbox 257 1173 338 1240; x_wconf 91' lang='lat' dir='ltr'>qui</span> <span class='ocrx_word' id='word_1_106' title='bbox 382 1172 430 1224; x_wconf 91' lang='lat' dir='ltr'>in</span> <span class='ocrx_word' id='word_1_107' title='bbox 470 1188 529 1225; x_wconf 93' lang='lat' dir='ltr'>eo</span> <span class='ocrx_word' id='word_1_108' title='bbox 569 1173 870 1235; x_wconf 84' lang='lat' dir='ltr'>continetur,</span> <span class='ocrx_word' id='word_1_109' title='bbox 914 1176 1170 1237; x_wconf 84' lang='lat' dir='ltr'>agnoscat,</span> <span class='ocrx_word' id='word_1_110' title='bbox 1213 1170 1490 1223; x_wconf 79' lang='lat' dir='ltr'>necessario</span> <span class='ocrx_word' id='word_1_111' title='bbox 1533 1168 1686 1240; x_wconf 63' lang='lat' dir='ltr'>prae-&#39;⁵</span> <span class='ocrx_word' id='word_1_112' title='bbox 1769 1158 1773 1167; x_wconf 51' lang='lat'><strong>⁴</strong></span> 
     </span>
    </p>
   </div>
   <div class='ocr_carea' id='block_1_8' title="bbox 258 1244 1691 1546">
    <p class='ocr_par' dir='ltr' id='par_1_8' title="bbox 258 1244 1691 1546">
     <span class='ocr_line' id='line_1_40' title="bbox 258 1244 1687 1312; baseline -0.004 -12"><span class='ocrx_word' id='word_1_113' title='bbox 258 1247 410 1300; x_wconf 84' lang='lat' dir='ltr'>satum</span> <span class='ocrx_word' id='word_1_114' title='bbox 466 1265 750 1302; x_wconf 89' lang='lat' dir='ltr'>sermonem</span> <span class='ocrx_word' id='word_1_115' title='bbox 790 1246 1044 1300; x_wconf 85' lang='lat' dir='ltr'>transcribi</span> <span class='ocrx_word' id='word_1_116' title='bbox 1087 1244 1292 1298; x_wconf 86' lang='lat' dir='ltr'>fecimus</span> <span class='ocrx_word' id='word_1_117' title='bbox 1323 1283 1339 1312; x_wconf 91' lang='lat'>,</span> <span class='ocrx_word' id='word_1_118' title='bbox 1380 1246 1687 1300; x_wconf 67' lang='lat' dir='ltr'>subnecten-</span> 
     </span>
     <span class='ocr_line' id='line_1_41' title="bbox 262 1321 1691 1394; baseline 0.001 -19"><span class='ocrx_word' id='word_1_119' title='bbox 262 1335 332 1377; x_wconf 82' lang='lat' dir='ltr'>tes</span> <span class='ocrx_word' id='word_1_120' title='bbox 377 1325 653 1378; x_wconf 88' lang='lat' dir='ltr'>testimonia</span> <span class='ocrx_word' id='word_1_121' title='bbox 694 1325 889 1378; x_wconf 83' lang='lat' dir='ltr'>diversa</span> <span class='ocrx_word' id='word_1_122' title='bbox 942 1323 1002 1375; x_wconf 90' lang='lat' dir='ltr'>ad</span> <span class='ocrx_word' id='word_1_123' title='bbox 1051 1321 1401 1375; x_wconf 81' lang='lat' dir='ltr'>stabiliendam</span> <span class='ocrx_word' id='word_1_124' title='bbox 1452 1323 1691 1394; x_wconf 75' lang='lat' dir='ltr'>proposi-</span> 
     </span>
     <span class='ocr_line' id='line_1_42' title="bbox 260 1398 1685 1467; baseline -0.001 -14"><span class='ocrx_word' id='word_1_125' title='bbox 260 1410 362 1453; x_wconf 88' lang='lat' dir='ltr'>tam</span> <span class='ocrx_word' id='word_1_126' title='bbox 426 1401 772 1467; x_wconf 87' lang='lat' dir='ltr'>intentionem,</span> <span class='ocrx_word' id='word_1_127' title='bbox 813 1410 862 1455; x_wconf 83' lang='lat' dir='ltr'>et</span> <span class='ocrx_word' id='word_1_128' title='bbox 900 1398 1036 1452; x_wconf 87' lang='lat' dir='ltr'>hunc</span> <span class='ocrx_word' id='word_1_129' title='bbox 1077 1414 1174 1450; x_wconf 89' lang='lat' dir='ltr'>una</span> <span class='ocrx_word' id='word_1_130' title='bbox 1242 1415 1359 1452; x_wconf 82' lang='lat' dir='ltr'>cum</span> <span class='ocrx_word' id='word_1_131' title='bbox 1398 1401 1578 1453; x_wconf 84' lang='lat' dir='ltr'>nostris</span> <span class='ocrx_word' id='word_1_132' title='bbox 1618 1399 1685 1453; x_wconf 89' lang='lat' dir='ltr'>li-</span> 
     </span>
     <span class='ocr_line' id='line_1_43' title="bbox 261 1475 1685 1546; baseline 0.001 -16"><span class='ocrx_word' id='word_1_133' title='bbox 261 1478 375 1530; x_wconf 87' lang='lat' dir='ltr'>teris</span> <span class='ocrx_word' id='word_1_134' title='bbox 414 1479 472 1530; x_wconf 90' lang='lat' dir='ltr'>ad</span> <span class='ocrx_word' id='word_1_135' title='bbox 513 1495 625 1530; x_wconf 88' lang='lat' dir='ltr'>eam</span> <span class='ocrx_word' id='word_1_136' title='bbox 683 1478 929 1531; x_wconf 88' lang='lat' dir='ltr'>destinare</span> <span class='ocrx_word' id='word_1_137' title='bbox 993 1475 1356 1546; x_wconf 76' lang='lat' dir='ltr'>praecepimus·</span> <span class='ocrx_word' id='word_1_138' title='bbox 1430 1476 1685 1540; x_wconf 87' lang='lat' dir='ltr'>Quoniam</span> 
     </span>
    </p>
   </div>
   <div class='ocr_carea' id='block_1_9' title="bbox 180 1551 1689 1623">
    <p class='ocr_par' dir='ltr' id='par_1_9' title="bbox 180 1551 1689 1623">
     <span class='ocr_line' id='line_1_44' title="bbox 180 1551 1689 1623; baseline 0.003 -19"><span class='ocrx_word' id='word_1_139' title='bbox 180 1594 184 1597; x_wconf 86' lang='lat'>.</span> <span class='ocrx_word' id='word_1_140' title='bbox 262 1554 410 1623; x_wconf 86' lang='lat' dir='ltr'>igitur</span> <span class='ocrx_word' id='word_1_141' title='bbox 449 1555 653 1607; x_wconf 84' lang='lat' dir='ltr'>asseruit</span> <span class='ocrx_word' id='word_1_142' title='bbox 695 1566 854 1607; x_wconf 88' lang='lat' dir='ltr'>vestra</span> <span class='ocrx_word' id='word_1_143' title='bbox 908 1551 1211 1605; x_wconf 87' lang='lat' dir='ltr'>Reverentia</span> <span class='ocrx_word' id='word_1_144' title='bbox 1245 1590 1260 1620; x_wconf 95' lang='lat'>,</span> <span class='ocrx_word' id='word_1_145' title='bbox 1302 1553 1527 1606; x_wconf 90' lang='lat' dir='ltr'>Leonem</span> <span class='ocrx_word' id='word_1_146' title='bbox 1566 1571 1689 1608; x_wconf 74' lang='lat' dir='ltr'>san-:-</span> 
     </span>
    </p>
   </div>
   <div class='ocr_carea' id='block_1_10' title="bbox 260 1630 1688 1853">
    <p class='ocr_par' dir='ltr' id='par_1_10' title="bbox 260 1630 1688 1853">
     <span class='ocr_line' id='line_1_45' title="bbox 260 1630 1685 1700; baseline 0.003 -18"><span class='ocrx_word' id='word_1_147' title='bbox 260 1630 530 1683; x_wconf 85' lang='lat' dir='ltr'>ctissimum</span> <span class='ocrx_word' id='word_1_148' title='bbox 571 1631 760 1700; x_wconf 78' lang='lat' dir='ltr'>Papam</span> <span class='ocrx_word' id='word_1_149' title='bbox 803 1631 1091 1683; x_wconf 85' lang='lat' dir='ltr'>Romanum</span> <span class='ocrx_word' id='word_1_150' title='bbox 1134 1631 1184 1683; x_wconf 90' lang='lat' dir='ltr'>in</span> <span class='ocrx_word' id='word_1_151' title='bbox 1223 1647 1305 1697; x_wconf 90' lang='lat' dir='ltr'>eo,</span> <span class='ocrx_word' id='word_1_152' title='bbox 1347 1630 1480 1700; x_wconf 91' lang='lat' dir='ltr'>quod</span> <span class='ocrx_word' id='word_1_153' title='bbox 1521 1630 1685 1687; x_wconf 64' lang='lat' dir='ltr'>dicim</span> 
     </span>
     <span class='ocr_line' id='line_1_46' title="bbox 261 1705 1688 1777; baseline 0.001 -18"><span class='ocrx_word' id='word_1_154' title='bbox 261 1705 511 1777; x_wconf 88' lang='lat' dir='ltr'>Operatur</span> <span class='ocrx_word' id='word_1_155' title='bbox 549 1708 684 1759; x_wconf 89' lang='lat' dir='ltr'>enim</span> <span class='ocrx_word' id='word_1_156' title='bbox 725 1717 933 1777; x_wconf 85' lang='lat' dir='ltr'>utraque</span> <span class='ocrx_word' id='word_1_157' title='bbox 974 1705 1133 1759; x_wconf 86' lang='lat' dir='ltr'>forma</span> <span class='ocrx_word' id='word_1_158' title='bbox 1173 1724 1290 1760; x_wconf 90' lang='lat' dir='ltr'>cum</span> <span class='ocrx_word' id='word_1_159' title='bbox 1313 1707 1513 1760; x_wconf 85' lang='lat' dir='ltr'>alterius</span> <span class='ocrx_word' id='word_1_160' title='bbox 1540 1724 1688 1768; x_wconf 83' lang='lat' dir='ltr'>eom-</span> 
     </span>
     <span class='ocr_line' id='line_1_47' title="bbox 263 1782 1686 1853; baseline 0.004 -19"><span class='ocrx_word' id='word_1_161' title='bbox 263 1784 518 1851; x_wconf 88' lang='lat' dir='ltr'>munionc,</span> <span class='ocrx_word' id='word_1_162' title='bbox 559 1783 678 1837; x_wconf 88' lang='lat' dir='ltr'>duas</span> <span class='ocrx_word' id='word_1_163' title='bbox 717 1784 1029 1853; x_wconf 86' lang='lat' dir='ltr'>operationes</span> <span class='ocrx_word' id='word_1_164' title='bbox 1071 1784 1120 1835; x_wconf 88' lang='lat' dir='ltr'>in</span> <span class='ocrx_word' id='word_1_165' title='bbox 1160 1782 1358 1838; x_wconf 86' lang='lat' dir='ltr'>Christo</span> <span class='ocrx_word' id='word_1_166' title='bbox 1410 1800 1532 1838; x_wconf 90' lang='lat' dir='ltr'>vero</span> <span class='ocrx_word' id='word_1_167' title='bbox 1574 1784 1686 1839; x_wconf 85' lang='lat' dir='ltr'>Deo</span> 
     </span>
    </p>
   </div>
   <div class='ocr_carea' id='block_1_11' title="bbox 182 1859 1771 1932">
    <p class='ocr_par' dir='ltr' id='par_1_11' title="bbox 182 1859 1771 1932">
     <span class='ocr_line' id='line_1_48' title="bbox 182 1859 1771 1932; baseline 0.004 -22"><span class='ocrx_word' id='word_1_168' title='bbox 182 1897 190 1902; x_wconf 80' lang='grc'><strong>-</strong></span> <span class='ocrx_word' id='word_1_169' title='bbox 264 1870 428 1914; x_wconf 87' lang='lat' dir='ltr'>nostro</span> <span class='ocrx_word' id='word_1_170' title='bbox 463 1859 674 1925; x_wconf 89' lang='lat' dir='ltr'>tradere,</span> <span class='ocrx_word' id='word_1_171' title='bbox 717 1871 864 1929; x_wconf 85' lang='lat' dir='ltr'>atque</span> <span class='ocrx_word' id='word_1_172' title='bbox 923 1860 1253 1930; x_wconf 68' lang='lat' dir='ltr'>praedicare,</span> <span class='ocrx_word' id='word_1_173' title='bbox 1284 1869 1483 1932; x_wconf 85' lang='lat' dir='ltr'>oportet</span> <span class='ocrx_word' id='word_1_174' title='bbox 1533 1860 1684 1931; x_wconf 78' lang='lat' dir='ltr'>scire,</span> <span class='ocrx_word' id='word_1_175' title='bbox 1763 1867 1771 1876; x_wconf 89' lang='lat'><em>&#39;</em></span> 
     </span>
    </p>
   </div>
   <div class='ocr_carea' id='block_1_12' title="bbox 263 1934 1692 2379">
    <p class='ocr_par' dir='ltr' id='par_1_12' title="bbox 263 1934 1692 2379">
     <span class='ocr_line' id='line_1_49' title="bbox 265 1934 1685 2006; baseline 0.001 -18"><span class='ocrx_word' id='word_1_176' title='bbox 265 1937 395 2004; x_wconf 90' lang='lat' dir='ltr'>quod</span> <span class='ocrx_word' id='word_1_177' title='bbox 450 1937 614 1989; x_wconf 90' lang='lat' dir='ltr'>multis</span> <span class='ocrx_word' id='word_1_178' title='bbox 635 1954 695 1989; x_wconf 85' lang='lat' dir='ltr'>ex</span> <span class='ocrx_word' id='word_1_179' title='bbox 724 1936 878 2006; x_wconf 92' lang='lat' dir='ltr'>impio</span> <span class='ocrx_word' id='word_1_180' title='bbox 919 1934 1182 1990; x_wconf 88' lang='lat' dir='ltr'>schismate</span> <span class='ocrx_word' id='word_1_181' title='bbox 1230 1937 1685 1993; x_wconf 11' lang='lat' dir='ltr'>maledicticSeveri</span> 
     </span>
     <span class='ocr_line' id='line_1_50' title="bbox 263 2012 1690 2082; baseline 0.003 -19"><span class='ocrx_word' id='word_1_182' title='bbox 263 2013 526 2067; x_wconf 89' lang='lat' dir='ltr'>adversum</span> <span class='ocrx_word' id='word_1_183' title='bbox 549 2014 742 2082; x_wconf 88' lang='lat' dir='ltr'>pietatis</span> <span class='ocrx_word' id='word_1_184' title='bbox 763 2014 996 2082; x_wconf 82' lang='lat' dir='ltr'>dogmata</span> <span class='ocrx_word' id='word_1_185' title='bbox 1017 2012 1410 2082; x_wconf 82' lang='lat' dir='ltr'>decertantibus,</span> <span class='ocrx_word' id='word_1_186' title='bbox 1434 2021 1482 2065; x_wconf 81' lang='lat' dir='ltr'>et</span> <span class='ocrx_word' id='word_1_187' title='bbox 1511 2013 1690 2069; x_wconf 86' lang='lat' dir='ltr'>adver-</span> 
     </span>
     <span class='ocr_line' id='line_1_51' title="bbox 264 2088 1691 2163; baseline 0.004 -23"><span class='ocrx_word' id='word_1_188' title='bbox 264 2105 371 2141; x_wconf 90' lang='lat' dir='ltr'>sum</span> <span class='ocrx_word' id='word_1_189' title='bbox 413 2089 649 2160; x_wconf 82' lang='lat' dir='ltr'>praedicti</span> <span class='ocrx_word' id='word_1_190' title='bbox 698 2089 886 2159; x_wconf 87' lang='lat' dir='ltr'>egregii</span> <span class='ocrx_word' id='word_1_191' title='bbox 936 2089 1095 2141; x_wconf 82' lang='lat' dir='ltr'>Patris</span> <span class='ocrx_word' id='word_1_192' title='bbox 1135 2091 1422 2163; x_wconf 12' lang='lat' dir='ltr'>epistolam,⁴</span> <span class='ocrx_word' id='word_1_193' title='bbox 1454 2088 1691 2147; x_wconf 79' lang='lat' dir='ltr'>latranti-</span> 
     </span>
     <span class='ocr_line' id='line_1_52' title="bbox 267 2165 1690 2236; baseline 0.004 -19"><span class='ocrx_word' id='word_1_194' title='bbox 267 2165 377 2230; x_wconf 82' lang='lat' dir='ltr'>buS,</span> <span class='ocrx_word' id='word_1_195' title='bbox 419 2182 545 2236; x_wconf 87' lang='lat' dir='ltr'>quae</span> <span class='ocrx_word' id='word_1_196' title='bbox 592 2183 858 2219; x_wconf 81' lang='lat' dir='ltr'>commune</span> <span class='ocrx_word' id='word_1_197' title='bbox 899 2183 1074 2220; x_wconf 60' lang='lat' dir='ltr'>reuera</span> <span class='ocrx_word' id='word_1_198' title='bbox 1123 2178 1287 2221; x_wconf 90' lang='lat' dir='ltr'>rectae</span> <span class='ocrx_word' id='word_1_199' title='bbox 1341 2167 1454 2221; x_wconf 83' lang='lat' dir='ltr'>fidei</span> <span class='ocrx_word' id='word_1_200' title='bbox 1503 2166 1690 2229; x_wconf 58' lang='lat' dir='ltr'>fundar·</span> 
     </span>
     <span class='ocr_line' id='line_1_53' title="bbox 269 2242 1690 2312; baseline 0.004 -20"><span class='ocrx_word' id='word_1_201' title='bbox 269 2254 491 2294; x_wconf 89' lang='lat' dir='ltr'>mentum</span> <span class='ocrx_word' id='word_1_202' title='bbox 537 2243 742 2308; x_wconf 87' lang='lat' dir='ltr'>existit,</span> <span class='ocrx_word' id='word_1_203' title='bbox 786 2242 966 2295; x_wconf 74' lang='lat' dir='ltr'>diversi</span> <span class='ocrx_word' id='word_1_204' title='bbox 1017 2243 1353 2312; x_wconf 86' lang='lat' dir='ltr'>probabilium</span> <span class='ocrx_word' id='word_1_205' title='bbox 1412 2242 1690 2301; x_wconf 81' lang='lat' dir='ltr'>catholicae</span> 
     </span>
     <span class='ocr_line' id='line_1_54' title="bbox 269 2317 1692 2379; baseline 0.008 -11"><span class='ocrx_word' id='word_1_206' title='bbox 269 2317 516 2372; x_wconf 81' lang='lat' dir='ltr'>Ecclesiae</span> <span class='ocrx_word' id='word_1_207' title='bbox 548 2320 810 2372; x_wconf 85' lang='lat' dir='ltr'>doctorum</span> <span class='ocrx_word' id='word_1_208' title='bbox 843 2319 903 2371; x_wconf 91' lang='lat' dir='ltr'>ad</span> <span class='ocrx_word' id='word_1_209' title='bbox 934 2319 1109 2371; x_wconf 89' lang='lat' dir='ltr'>iustam</span> <span class='ocrx_word' id='word_1_210' title='bbox 1150 2331 1199 2374; x_wconf 90' lang='lat' dir='ltr'>et</span> <span class='ocrx_word' id='word_1_211' title='bbox 1239 2338 1413 2376; x_wconf 85' lang='lat' dir='ltr'>veram</span> <span class='ocrx_word' id='word_1_212' title='bbox 1467 2320 1692 2379; x_wconf 79' lang='lat' dir='ltr'>advoca-</span> 
     </span>
    </p>
   </div>
   <div class='ocr_carea' id='block_1_13' title="bbox 198 2393 1694 2852">
    <p class='ocr_par' dir='ltr' id='par_1_13' title="bbox 198 2393 1694 2852">
     <span class='ocr_line' id='line_1_55' title="bbox 198 2393 1694 2468; baseline 0.003 -22"><span class='ocrx_word' id='word_1_213' title='bbox 198 2413 226 2446; x_wconf 76' lang='lat'><strong><em>«</em></strong></span> <span class='ocrx_word' id='word_1_214' title='bbox 271 2393 455 2448; x_wconf 88' lang='lat' dir='ltr'>tionem</span> <span class='ocrx_word' id='word_1_215' title='bbox 496 2397 774 2468; x_wconf 90' lang='lat' dir='ltr'>praedictae</span> <span class='ocrx_word' id='word_1_216' title='bbox 813 2395 1049 2466; x_wconf 90' lang='lat' dir='ltr'>epistolae</span> <span class='ocrx_word' id='word_1_217' title='bbox 1089 2407 1485 2465; x_wconf 80' lang='lat' dir='ltr'>assurrexerunt3</span> <span class='ocrx_word' id='word_1_218' title='bbox 1513 2395 1694 2455; x_wconf 76' lang='lat' dir='ltr'>etnul·</span> 
     </span>
     <span class='ocr_line' id='line_1_56' title="bbox 201 2469 1693 2545; baseline 0.004 -25"><span class='ocrx_word' id='word_1_219' title='bbox 201 2486 228 2520; x_wconf 70' lang='grc' dir='ltr'>(τ</span> <span class='ocrx_word' id='word_1_220' title='bbox 272 2469 375 2522; x_wconf 88' lang='lat' dir='ltr'>lum</span> <span class='ocrx_word' id='word_1_221' title='bbox 415 2470 595 2525; x_wconf 87' lang='lat' dir='ltr'>horum</span> <span class='ocrx_word' id='word_1_222' title='bbox 635 2473 814 2526; x_wconf 85' lang='lat' dir='ltr'>scimus</span> <span class='ocrx_word' id='word_1_223' title='bbox 854 2472 1051 2540; x_wconf 85' lang='lat' dir='ltr'>dixisse,</span> <span class='ocrx_word' id='word_1_224' title='bbox 1081 2474 1215 2542; x_wconf 92' lang='lat' dir='ltr'>quod</span> <span class='ocrx_word' id='word_1_225' title='bbox 1258 2474 1308 2526; x_wconf 88' lang='lat' dir='ltr'>in</span> <span class='ocrx_word' id='word_1_226' title='bbox 1351 2475 1594 2545; x_wconf 81' lang='lat' dir='ltr'>praesenti</span> <span class='ocrx_word' id='word_1_227' title='bbox 1623 2472 1693 2533; x_wconf 74' lang='lat' dir='ltr'>lj-</span> 
     </span>
     <span class='ocr_line' id='line_1_57' title="bbox 203 2547 1692 2620; baseline 0.01 -28"><span class='ocrx_word' id='word_1_228' title='bbox 203 2562 227 2594; x_wconf 73' lang='lat' dir='ltr'>a</span> <span class='ocrx_word' id='word_1_229' title='bbox 273 2547 360 2599; x_wconf 84' lang='lat' dir='ltr'>hro</span> <span class='ocrx_word' id='word_1_230' title='bbox 400 2548 519 2601; x_wconf 84' lang='lat' dir='ltr'>duas</span> <span class='ocrx_word' id='word_1_231' title='bbox 560 2550 870 2620; x_wconf 86' lang='lat' dir='ltr'>operationes</span> <span class='ocrx_word' id='word_1_232' title='bbox 908 2549 1013 2602; x_wconf 92' lang='lat' dir='ltr'>Leo</span> <span class='ocrx_word' id='word_1_233' title='bbox 1052 2551 1390 2604; x_wconf 87' lang='lat' dir='ltr'>sanctissimus</span> <span class='ocrx_word' id='word_1_234' title='bbox 1449 2550 1692 2607; x_wconf 84' lang='lat' dir='ltr'>asseruis-</span> 
     </span>
     <span class='ocr_line' id='line_1_58' title="bbox 204 2625 1694 2697; baseline 0.006 -27"><span class='ocrx_word' id='word_1_235' title='bbox 204 2640 229 2671; x_wconf 82' lang='lat'>«</span> <span class='ocrx_word' id='word_1_236' title='bbox 273 2631 427 2675; x_wconf 88' lang='lat' dir='ltr'>set....</span> <span class='ocrx_word' id='word_1_237' title='bbox 471 2626 520 2677; x_wconf 91' lang='lat' dir='ltr'>Si</span> <span class='ocrx_word' id='word_1_238' title='bbox 561 2627 669 2697; x_wconf 88' lang='lat' dir='ltr'>quis</span> <span class='ocrx_word' id='word_1_239' title='bbox 699 2642 815 2680; x_wconf 86' lang='lat' dir='ltr'>vero</span> <span class='ocrx_word' id='word_1_240' title='bbox 856 2625 917 2678; x_wconf 92' lang='lat' dir='ltr'>de</span> <span class='ocrx_word' id='word_1_241' title='bbox 956 2625 1297 2680; x_wconf 84' lang='lat' dir='ltr'>solertioribus</span> <span class='ocrx_word' id='word_1_242' title='bbox 1318 2629 1578 2682; x_wconf 88' lang='lat' dir='ltr'>ostendere</span> <span class='ocrx_word' id='word_1_243' title='bbox 1607 2643 1694 2681; x_wconf 87' lang='lat' dir='ltr'>va-</span> 
     </span>
     <span class='ocr_line' id='line_1_59' title="bbox 207 2696 1692 2775; baseline 0.005 -28"><span class='ocrx_word' id='word_1_244' title='bbox 207 2715 232 2747; x_wconf 83' lang='lat'>«</span> <span class='ocrx_word' id='word_1_245' title='bbox 279 2696 443 2768; x_wconf 84' lang='lat' dir='ltr'>luerit,</span> <span class='ocrx_word' id='word_1_246' title='bbox 484 2719 786 2773; x_wconf 85' lang='lat' dir='ltr'>quemquam</span> <span class='ocrx_word' id='word_1_247' title='bbox 828 2701 1184 2772; x_wconf 85' lang='lat' dir='ltr'>probabilium,</span> <span class='ocrx_word' id='word_1_248' title='bbox 1226 2714 1275 2756; x_wconf 88' lang='lat' dir='ltr'>et</span> <span class='ocrx_word' id='word_1_249' title='bbox 1314 2718 1342 2757; x_wconf 84' lang='lat' dir='ltr'>a</span> <span class='ocrx_word' id='word_1_250' title='bbox 1381 2705 1491 2760; x_wconf 91' lang='lat' dir='ltr'>Deo</span> <span class='ocrx_word' id='word_1_251' title='bbox 1533 2702 1692 2775; x_wconf 72' lang='lat' dir='ltr'>inspi-</span> 
     </span>
     <span class='ocr_line' id='line_1_60' title="bbox 208 2774 1693 2852; baseline 0.013 -32"><span class='ocrx_word' id='word_1_252' title='bbox 208 2790 232 2820; x_wconf 87' lang='lat'>«</span> <span class='ocrx_word' id='word_1_253' title='bbox 280 2774 505 2829; x_wconf 80' lang='lat' dir='ltr'>rabilium</span> <span class='ocrx_word' id='word_1_254' title='bbox 565 2790 760 2849; x_wconf 86' lang='lat' dir='ltr'>patrum</span> <span class='ocrx_word' id='word_1_255' title='bbox 826 2788 1131 2847; x_wconf 86' lang='lat' dir='ltr'>nostrorum,</span> <span class='ocrx_word' id='word_1_256' title='bbox 1171 2797 1386 2851; x_wconf 84' lang='lat' dir='ltr'>quorum</span> <span class='ocrx_word' id='word_1_257' title='bbox 1457 2782 1693 2852; x_wconf 75' lang='lat' dir='ltr'>dogmata</span> 
     </span>
    </p>
   </div>
  </div>
 </body>
</html>
