1780 3038
671 309 746 327 ...
787 288 894 342 ,139
935 316 1010 327 —-—

93 359 334 428 tulissent,
379 361 442 414 ita
485 370 539 415 ut
577 363 616 416 si
656 365 766 433 quis
799 359 1061 435 ‘utriusqu'e
1090 363 1242 434 partis
1293 372 1594 434 argumenta

89 444 142 490 et
179 439 428 509 expendat
467 450 516 491 et
556 443 784 493 conserat
815 478 831 505 ,
874 442 932 494 ad
976 441 1256 512 oppositam
1302 442 1594 495 conclusio-

90 531 207 591 nem
248 533 304 567 ea
351 515 623 584 perducere
672 518 880 570 omnino
923 513 1250 588 perspiciat?
1291 518 1428 571 Haec
1477 517 1598 588 qui-

87 589 204 643 dem
235 589 360 642 mihi
389 591 671 645 insolubilia
704 595 956 661 videntur,
988 606 1133 665 atque
1162 595 1413 647 contraria
1437 611 1597 663 agen-

85 667 134 720 di
178 667 359 720 rationi
392 666 768 722 haereticorum
800 672 1044 740 ipsorum,
1077 671 1367 741 praesertim
1408 672 1596 724 Mono-

85 741 405 809 thelitarum,
435 746 643 814 quicum
665 758 893 798 sexcenta
938 748 1144 799 Patrum
1189 748 1467 800 testimonia
1516 746 1596 800 vel

86 819 522 886 detruncaverint,
548 821 624 874 vel
649 823 968 892 corruperint
992 835 1042 875 ut
1057 823 1301 877 haeresim
1323 841 1462 876 suam
1478 840 1598 877 con·

85 896 388 961 stabilirent,
414 914 687 967 numquam
713 909 880 951 tamen
905 899 953 951 in
986 898 1209 952 medium
1251 901 1502 970 protulere
1520 918 1598 952 ar-

85 983 324 1042 gumenta
341 973 445 1040 illa,
459 976 637 1043 quibus
649 973 907 1028 Honorius
920 992 1072 1028 unam
1099 977 1405 1030 voluntatem
1423 977 1595 1030 desen-

85 1048 158 1101 dit
177 1048 224 1101 in
241 1048 550 1116 Christo,sed
574 1053 792 1104 contenti
817 1052 962 1105 unice
981 1053 1179 1105 suerunt
1197 1055 1243 1105 in
1264 1052 1444 1122 vulgus
1460 1070 1598 1124 spar-

85 1140 226 1194 gere,
268 1143 383 1178 eum
427 1143 766 1198 propugnasse
807 1144 959 1180 unam
986 1127 1296 1183 voluntatem
1321 1131 1436 1199 quia
1460 1129 1590 1182 scri-

84 1208 269 1272 pserat:
315 1200 488 1257 Unam
529 1201 849 1258 voluntatem
888 1202 1125 1279 fatemur
1153 1202 1381 1259 Domini
1408 1199 1596 1260 Nostri

82 1274 205 1332 Jesu
250 1275 449 1333 Christi
479 1315 496 1348 ‚
536 1279 712 1350 spretis
751 1281 812 1333 de
851 1291 1017 1334 cetero
1044 1317 1062 1347 ,
1101 1294 1150 1335 et
1178 1283 1388 1334 omnino
1432 1299 1588 1352 prae-

86 1355 320 1408 termissis
360 1358 671 1425 argumentis
700 1388 717 1423 ,
758 1357 940 1427 quibus
978 1358 1135 1410 utitur
1176 1357 1238 1411 ad
1281 1359 1326 1411 id
1369 1359 1596 1429 proban-

83 1431 228 1498 dum;
270 1443 418 1501 atque
457 1449 486 1484 e
527 1445 702 1486 contra
744 1434 802 1486 iis
857 1435 1120 1505 assumptis
1160 1452 1289 1505 quae
1341 1448 1368 1487 a
1412 1434 1592 1507 Sergio

84 1507 232 1560 allata
280 1508 476 1561 fuerant
518 1509 568 1562 in
609 1527 696 1563 sua
740 1509 800 1562 ad
843 1506 1134 1564 Honoriurn
1173 1511 1403 1582 epistola.

159 1584 235 1636 Ne
277 1581 372 1637 hac
416 1585 464 1637 in
506 1603 561 1640 re
604 1588 955 1658 pertractanda
996 1588 1092 1640 sim
1131 1588 1339 1654 nimiuS,
1383 1586 1592 1640 asseram

84 1662 572 1730 argumentationem
648 1678 743 1733 qua
807 1662 994 1717 Paulus
1059 1663 1280 1735 Cptanus
1320 1669 1476 1716 utitur
1542 1665 1602 1716 in·

82 1753 169 1790 sua
213 1737 422 1808 epistola
483 1738 543 1792 ad
606 1736 938 1793 Theodorum
998 1738 1189 1811 Papam
1219 1776 1240 1811 ,-
1278 1756 1407 1811 quae
1467 1737 1592 1795 lecta

83 1824 156 1867 est
205 1813 253 1866 in
277 1814 504 1869 Concilio
534 1813 859 1870 Lateranensi
890 1814 980 1870 sub
1003 1818 1244 1888 Maltino,
1274 1818 1462 1869 Secret.
1495 1817 1583 1869 lv.

82 1890 156 1943 Ita
200 1906 351 1960 porro
378 1893 557 1962 inquit:
606 1910 632 1944 «
667 1888 810 1946 Unde
850 1904 899 1946 et
948 1910 1101 1945 unam
1144 1895 1454 1948 voluntatem
1480 1894 1591 1946 Do-

86 1984 113 2020 «
160 1967 283 2019 mini
306 1967 469 2022 Nostri
512 1967 621 2021 lesu
643 1967 827 2023 Christi
870 1969 1222 2040 intelligimuS,
1268 1988 1329 2023 ne
1379 1981 1589 2022 contra-

85 2063 111 2098 «
159 2043 386 2098 rietatem
409 2056 492 2098 aut
513 2045 846 2100 differentiam
872 2047 1188 2100 voluntatum
1213 2048 1296 2100 uni
1323 2046 1590 2115 eidemque

85 2137 112 2172 α
158 2137 400 2190 personae
423 2123 630 2175 Domini
675 2124 829 2176 nostri
865 2124 984 2177 <iesu
1025 2122 1207 2177 Christi
1250 2122 1588 2194 applicemus,

85 2214 112 2248 α
150 2207 235 2248 aut
277 2198 438 2268 ipsum
477 2215 529 2252 se
589 2211 966 2270 expugnantem
1010 2200 1409 2267 dogmatizemus
1439 2240 1455 2269 ,
1504 2212 1590 2252 aut

84 2291 111 2324 α
158 2273 282 2327 duos
306 2276 528 2328 volentes
551 2276 945 2330 introducamus.
972 2274 1045 2350 (l)
1072 2275 1186 2330 Non
1210 2279 1346 2331 enim
1378 2277 1437 2328 ad
1460 2293 1590 2329 con-

84 2366 111 2400 «
157 2348 578 2418 glomerationem
608 2355 844 2419 omnino,
867 2363 952 2406 aut
975 2353 1321 2407 conlusionem
1375 2353 1590 2405 duarum

83 2442 110 2476 c(
159 2431 477 2494 naturarum,
501 2431 699 2498 quaein
740 2432 920 2483 eodem
949 2431 1186 2483 videntur
1207 2432 1353 2483 unius
1398 2429 1590 2482 volun-

83 2519 109 2552 «
157 2503 289 2570 tatis,
315 2502 446 2557 hanc
468 2507 805 2575 producentes
831 2524 1030 2572 vocem,
1055 2518 1139 2559 aut
1161 2508 1219 2559 ad
1246 2505 1591 2576 interemptio-

35 2591 38 2597 '
82 2595 109 2628 α
159 2594 275 2631 nem
315 2580 518 2634 alterius
561 2593 752 2636 tantum
797 2583 945 2636 aliam
976 2599 1078 2636 esse
1103 2584 1464 2653 praedicant‹.·s;
1503 2583 1588 2635 sed

81 2671 107 2706 «
154 2652 251 2708 hoc
293 2655 578 2711 huiusmodi
608 2653 948 2729 significantes
972 2676 1177 2728 vocem,
1207 2662 1446 2730 quoniam
1469 2676 1587 2711 caro

83 2748 109 2781 α
161 2731 269 2785 eius
322 2735 685 2790 rationabiliter
733 2750 781 2791 et
808 2735 1206 2791 intellectualiter
1235 2740 1478 2802 animata,
1521 2752 1583 2788 ex

134 2877 193 2936 (l)
226 2881 285 2925 Ad
318 2883 440 2929 instar
471 2887 598 2945 Sergii
621 2885 658 2931 in
681 2886 847 2945 epistola
879 2902 946 2932 sua
976 2887 1026 2933 ad
1058 2886 1286 2933 Honorium.
