1780 3038
91 294 122 332 «
165 283 216 331 ct
256 268 401 330 vaide
442 271 736 331 mirabiliter
763 298 912 352 super
934 297 1084 333 omne
1113 294 1271 351 genus
1310 274 1590 336 humanum

166 362 439 422 conceptus
464 363 512 405 et
534 364 677 405 natus
714 369 858 411 esset.
902 357 978 409 De
1018 371 1185 410 sancta
1215 375 1418 429 quoque
1442 360 1594 430 ipsius

167 428 422 482 incarnata
463 427 834 499 dispensatione
863 431 1093 497 docebat,
1121 435 1238 505 quia
1280 434 1595 505 Redemptor

167 516 334 559 noster
372 505 498 557 sicut
536 515 661 557 esset
690 506 824 562 Deus
852 511 1117 579 perfectus,
1163 510 1228 563 ita
1269 522 1463 564 essetet
1493 510 1592 564 bo·—

167 599 250 634 mo
293 576 832 651 periectuS...Scientes
859 584 993 655 quod
1033 585 1230 639 nulium
1274 587 1322 653 in
1362 605 1446 659 eo,
1474 603 1593 641 cunt

167 669 453 711 nasceretur
489 666 540 710 et
578 672 963 714 conversaretur
1001 672 1125 714 esset
1176 675 1457 733 peccatum,
1499 663 1596 717 de·-

165 746 336 788 center
374 733 586 787 dicimus
622 744 673 787 et
714 737 961 790 veraciter
997 738 1300 792 confitemur
1319 756 1473 792 unam
1496 758 1594 794 vo·—

169 809 410 864 luntatem
443 809 492 862 in
533 821 735 865 sanctae
778 813 930 884 ipsius
987 812 1366 885 dispensationis
1407 814 1595 869 huma—

165 886 360 953 nitate,
401 897 451 940 et
490 902 591 941 non
632 887 755 942 duas
803 887 1077 943 contrarias
1125 891 1304 944 mentis
1341 902 1391 945 et
1429 894 1595 945 carnis

164 960 530 1035 praedicamus.
573 963 864 1019 Secundum
893 962 1027 1018 hunc
1056 966 1208 1036 igitur
1254 967 1460 1021 modum
1492 970 1594 1023 iam

161 1040 322 1093 dictus
360 1039 590 1094 decessor
629 1053 798 1095 noster
838 1043 1221 1113 praenominato
1268 1043 1447 1114 Sergio
1490 1043 1597 1098 Pa·—

163 1114 411 1170 triarchae
451 1117 762 1187 percontanti
803 1119 1051 1189 scripsisse
1096 1119 1426 1189 dignoscitur.
1462 1121 1594 1184 Quia

164 1193 213 1246 in
242 1191 507 1247 Saii'tatore
544 1205 715 1248 nostro
754 1195 883 1248 duae
942 1194 1224 1249 voluntates
1267 1197 1545 1250 contrariae
1575 1233 1596 1261 ‚

163 1268 211 1323 id
251 1280 345 1341 est,
387 1270 437 1322 in
479 1270 913 1343 inembrisipsius⁹
946 1270 1143 1342 penitus
1171 1288 1271 1325 non
1300 1272 1596 1337 consistunt,

86 1365 117 1399 «
161 1348 404 1417 quoniam
430 1343 553 1399 nihil
595 1346 702 1402 vitii
745 1348 893 1402 traxit
913 1362 976 1401 ex
1003 1349 1434 1419 praevaricatione
1486 1351 1598 1420 pri—

88 1439 118 1476 «
164 1422 233 1476 mi
275 1419 496 1478 hominis
540 1439 590 1476 υ.

162 1498 522 1554 Declaraverat
560 1496 726 1571 itaque
765 1499 979 1555 loannes
999 1496 1087 1555 lv,
1125 1499 1187 1555 ad
1229 1498 1598 1573 Imperatorem

85 1574 499 1642 Constantinum,
521 1585 571 1630 et
593 1594 683 1648 per
702 1594 820 1632 eum
848 1577 911 1631 ad
949 1576 1227 1631 Orientales
1266 1594 1440 1632 omnes
1467 1576 1597 1649 Epi-—

83 1669 284 1724 scopos,
325 1652 612 1707 Honorium
653 1669 930 1725 numquam
972 1650 1363 1708 Monotheiismo
1405 1654 1455 1707 in
1494 1657 1596 1708 suis

84 1729 307 1801 epistolis
346 1728 545 1795 favisse3
586 1730 671 1784 sed
711 1748 740 1784 e
780 1742 952 1785 contra
987 1729 1035 1783 in
1076 1727 1275 1784 Christo
1317 1731 1594 1801 perfectam

85 1807 340 1871 admisisse
399 1802 807 1872 humanitatem,
868 1804 1179 1878 proindeque
1231 1805 1597 1862 humanitatem

87 1881 244 1938 iibere
284 1900 374 1955 per
412 1885 671 1956 propriam
713 1886 1023 1937 voiuntatem
1066 1894 1343 1954 agentem;
1389 1884 1451 1938 de
1495 1901 1597 1955 qua

86 1959 345 2015 voluntate
382 1958 606 2015 locutum
627 1958 771 2014 fuisse
809 1959 1047 2027 affirmat,
1087 1976 1201 2014 cum
1244 1959 1293 2012 in
1335 1961 1493 2031 prima
1534 1961 1598 2015 ad

85 2037 322 2108 Sergium
359 2037 568 2108 epistola
613 2037 830 2108 scripsit:
883 2055 1047 2092 tanam
1094 2035 1419 2091 volunlatem
1455 2034 1597 2111 fate-

88 2131 215 2168 mter
235 2109 461 2169 Domini
480 2110 671 2169 Nostri
707 2111 827 2168 Iesu
867 2109 1086 2168 Christi.
1132 2114 1271 2166 Haec
1311 2126 1475 2167 autem
1510 2113 1599 2167 lo-

88 2207 273 2244 annem
315 2191 449 2244 iuxta
510 2190 581 2244 rei
630 2193 893 2245 veritatem
949 2190 1224 2262 scripsissr,
1266 2200 1398 2260 patet
1437 2206 1497 2243 ex
1538 2190 1598 2243 iis

86 373 130 1325 aanayaananaann

0 2275 6 2278 ”
87 2283 217 2337 quae
243 2267 368 2339 Cap.
394 2264 505 2320 th.
534 2265 681 2320 huius
701 2266 1057 2320 dissertationis
1077 2267 1137 2320 de
1159 2265 1452 2320 orthodoxia
1481 2268 1599 2336 epi-

87 2342 329 2397 stolarum
370 2343 584 2398 Honorii
607 2344 739 2398 dicta
761 2353 892 2397 sunt.
919 2343 1112 2408 Rursus
1133 2343 1185 2395 S.
1210 2340 1406 2412 Agatho
1431 2341 1478 2394 in
1507 2360 1597 2396 sun

88 2420 150 2474 ad
182 2420 513 2492 imperatores
540 2419 774 2492 epistola,
799 2437 926 2490 quae
949 2438 974 2472 a
1010 2420 1240 2472 Patribus
1279 2418 1469 2489 Synodi
1496 2415 1593 2475 VI.

89 2497 298 2568 probata
337 2502 413 2551 est
450 2508 500 2550 et
537 2507 786 2568 suscepta,
855 2513 1024 2549 nonne
1072 2495 1263 2549 disertis
1312 2494 1473 2548 verbis
1513 2512 1597 2548 as·-

88 2574 243 2628 seruit
272 2609 290 2639 ‚
358 2573 619 2628 Romanos
690 2572 962 2627 Pontifices
1025 2572 1426 2643 praedecessores
1481 2587 1597 2623 suos

0 2709 2 2714 ⁸
89 2666 290 2721 semper
310 2648 699 2704 Monotheiitico
733 2649 892 2704 errori
922 2647 1185 2713 obstitisse,
1207 2646 1596 2717 Ori-entaiesque

0 2718 3 2724 ⁸
93 2738 143 2780 et
171 2726 436 2798 praecipue
455 2726 731 2798 Episcopus
772 2723 1345 2796 Constantinopoiitanos
1367 2725 1595 2776 monuis-

0 2807 4 2875 J
90 2820 144 2857 se
183 2804 342 2858 modis
382 2803 635 2875 onmibuS,
664 2814 719 2857 ut
759 2821 785 2856 a
828 2802 969 2874 pravi
1011 2801 1257 2872 dogmatis
1294 2806 1464 2855 errore
1502 2800 1596 2854 de-
