1780 3038
645 203 716 212 --
757 171 946 224 89...

40 279 192 335 quam
233 260 518 327 negaverit,
558 276 679 314 cum
717 259 778 313 de
837 259 1068 314 Honorio
1089 269 1212 312 essct
1255 260 1303 313 in
1344 259 1571 314 Concilio

42 334 330 409 agendum?
369 337 406 390 si
451 337 602 405 igitur
627 336 842 390 loannes
865 336 1153 390 portuensis
1182 336 1451 389 collatione
1476 354 1567 406 pe-

43 426 202 481 racta,
237 414 515 467 affirmavit
552 413 810 484 exemplar
838 412 1019 466 lectum
1047 431 1109 466 ex
1149 413 1321 466 codice
1363 412 1570 466 Macarii

43 491 93 545 in
134 490 273 543 nullo
315 490 600 561 discrepare
638 507 759 543 cum
786 489 1060 560 exemplari
1092 490 1262 543 latino⁴
1282 487 1575 543 authentico
1663 515 1669 524 =

43 585 106 623 ex
143 565 384 621 Archivio
414 566 736 620 Patriarchae
768 566 816 619 in
838 567 1099 638 synodum.
1123 567 1312 632 delam,
1345 567 1574 637 prolecto

44 643 347 699 concludere
387 644 635 697 debemus
665 642 796 696 hanc
820 646 1039 715 primam
1066 643 1284 697 Honorii
1310 642 1579 713 epistolam

45 721 254 775 omnino
293 721 572 790 genuinam
608 738 737 788 essc3-
755 737 916 790 neque
956 721 1098 774 enim
1122 719 1402 774 concedere
1453 738 1575 791 pos-

42 815 176 864 sum,
218 797 467 850 Ioannem
503 796 649 851 luisse
689 798 977 869 deceptum,
1031 815 1146 851 cum
1196 796 1457 867 exemplar
1479 816 1575 855 aua,-

44 872 347 938 thenticum,
386 884 436 928 et
476 891 538 927 ex
576 874 965 943 subscriptione,
1006 885 1056 929 et
1096 892 1158 927 ex
1200 872 1363 940 bulla,
1423 884 1472 927 et
1513 892 1577 927 ex

42 951 285 1006 sexcentis
306 950 418 1004 aliis
437 951 634 1004 indiciis
653 951 860 1005 omnino
890 951 1125 1019 cognosci
1186 949 1408 1022 potuerit
1449 951 1575 1003 mis-

45 1027 180 1092 sum,
223 1044 317 1081 nec
344 1044 430 1094 ne,
453 1028 616 1082 Roma
642 1028 790 1081 suerit
830 1028 893 1081 ab
941 1027 1172 1081 Honorio
1235 1026 1430 1091 Quibus
1482 1027 1581 1080 ad-

47 1104 273 1160 dendum
316 1115 464 1175 puto,
500 1123 527 1158 a
569 1105 769 1174 graecis.
815 1104 931 1175 ipsi-s
981 1105 1035 1157 in
1071 1103 1298 1158 Concilio
1329 1102 1413 1156 vl.
1459 1103 1579 1175 plu-

47 1182 229 1236 rimam
282 1180 559 1235 adhibitam
589 1181 734 1235 faisse
756 1199 987 1255 operam,
1017 1199 1117 1252 quo
1146 1180 1367 1251 genuina
1389 1181 1575 1251 scripta

49 1269 99 1314 et
137 1258 424 1330 incorrupta
466 1276 493 1311 a
553 1259 735 1329 spuriis
792 1270 840 1312 et
879 1258 1127 1329 corruptis
1166 1268 1573 1310 secernerentur.

50 1334 182 1400 Quid
210 1336 349 1390 enim
388 1334 1068 1406 aliudjnnuuntjuramenta
1099 1334 1337 1406 praestita
1367 1351 1394 1386 a
1424 1332 1582 1387 char-

54 1409 391 1483 thophylace„
405 1411 454 1465 id
483 1412 712 1465 Patribus
733 1412 1186 1484 expostulantibus,
1214 1411 1349 1464 circa
1372 1408 1584 1463 authen-

50 1489 312 1556 ticitatem,
340 1490 448 1543 sive
496 1488 962 1560 interpolationem,
1004 1488 1588 1559 siveincorruptionem:

53 1564 307 1636 codicum,
348 1583 474 1636 quos
512 1565 575 1619 ad
617 1566 870 1637 synodum
910 1563 1215 1620 deserebat?
1257 1564 1379 1636 quid
1443 1565 1579 1618 aliud

56 1642 310 1714 inquisitio
350 1643 568 1696 Patrumss.
602 1643 827 1714 ipsorum
868 1653 922 1696 ut
960 1643 1168 1696 codices.
1218 1642 1434 1696 omnino
1483 1659 1585 1694 au·-

57 1717 262 1774 thentici
302 1736 374 1774 ex
404 1719 657 1774 Ecclesiae
696 1720 926 1791 Cptanae
944 1719 1190 1774 tabulario
1251 1719 1578 1788 afferrentur,

57 1812 159 1867 quo
178 1804 356 1850 cuncta
378 1813 509 1867 quae
529 1796 596 1850 ad
613 1797 864 1868 synodum
886 1797 1241 1851 deferebantur
1279 1805 1420 1849 extra
1464 1812 1583 1849 om-

61 1889 185 1926 nem·
201 1874 552 1943 quaestionem-
567 1871 907 1945 ponerentur?
930 1874 1062 1939 Quid
1090 1871 1379 1944 scrupolosa
1405 1870 1487 1924 illa
1513 1873 1595 1925 di«

62 1948 267 2020 ligentia
326 1960 380 2003 ut
439 1949 755 2004 characteres
782 1961 845 2005 -et
904 1949 1092 2005 literae
1157 1950 1582 2004 documentorum

63 2026 282 2080 examini
323 2037 372 2079 et
413 2027 719 2098 inquisitio-ni
760 2027 1179 2098 subjicerentffine
1209 2026 1310 2080 ulla
1339 2026 1477 2079 fraus
1506 2025 1584 2079 la·-

65 2100 227 2158 teret‘?
266 2103 385 2174 quid
446 2105 661 2158 demum,-
693 2122 906 2158 examen
976 2105 1096 2158 illud
1138 2120 1472 2175 personarum
1497 2143 1514 2172 ‚
1555 2121 1584 2156 a

65 2180 251 2250 quibus·
271 2180 426 2234 relata
454 2181 694 2235 nonnulla
725 2180 1056 2253 apochryplia
1087 2182 1136 2234 in
1159 2181 1356 2234 codices
1383 2178 1586 2233 Biblio-

70 2255 245 2312 thecae
285 2257 514 2329 suerant7
547 2259 841 2330 praesertim
883 2258 1037 2312 libelli
1079 2257 1275 2328 vigilii,
1317 2257 1379 2310 de
1400 2257 1591 2326 quibus

67 2350 224 2405 suprav
262 2334 542 2389 dictumest
571 2331 602 2389 ‘2
633 2335 704 2410 (Ι)
732 2335 870 2390 Haec
895 2353 1014 2390 vero
1061 2335 1425 2399 demonstrant,
1457 2331 1587 2387 nihil·

69 2410 134 2464 ab
174 2410 290 2482 ipsis
326 2411 666 2467 Orientalibus
707 2413 1136 2484 praetermissum,
1165 2428 1265 2482 quo
1294 2408 1589 2464 authentica

70 2504 105 2540 a.
136 2487 324 2559 spuriis·
352 2500 752 2555 secernerentur,
794 2501 844 2543 et
883 2500 1118 2560 corrupta
1160 2490 1223 2541 ab
1254 2487 1577 2557 incorruptis3

72 2580 169 2635 qua
210 2564 273 2618 de
335 2581 481 2620 eausa
540 2583 657 2620 cum
696 2567 827 2622 circa
869 2566 1085 2621 Honorii
1126 2564 1360 2637 epistolas
1418 2580 1583 2635 neque

134 2792 190 2851 (ί)
220 2792 329 2842 Haec
361 2804 540 2842 constant
570 2797 799 2858 praesertim
832 2811 879 2843 ex
913 2794 1274 2843 ffletionihas--Xlll
1308 2803 1347 2843 et
1376 2793 1489 2841 XlV.

1360 2869 1440 2925 6*
