1780 3038
107 220 457 294 patefactam3
504 220 748 293 siquidem
790 221 904 274 finis
934 258 951 288 ‚
994 236 1143 292 quem
1210 218 1481 290 praecipue
1529 220 1622 275 sibi

112 299 433 371 praefixerat,
475 298 566 350 suit
606 308 659 350 ut
698 299 997 351 retineretur
1054 295 1330 365 capitulum
1371 297 1484 350 VII.
1561 299 1624 350 de

114 393 213 428 una
258 375 574 446 operatione,
604 376 737 443 quod
779 374 939 445 Cyrus
967 391 1081 428 cum
1111 372 1476 426 Theodosianis
1504 391 1625 427 san-

112 453 325 521 civerat‚
369 462 420 504 ut
463 452 577 504 inde
617 451 808 505 haeresi
850 469 967 504 suae
1009 452 1286 503 fomentum
1308 460 1356 503 et
1382 452 1628 503 stabilita-

117 538 218 580 tem
257 539 540 598 quaereret.
587 529 663 581 Ad
695 529 742 581 id
784 545 906 581 vero
948 544 1271 597 summopere
1313 529 1627 581 conducebat

115 621 345 671 narrare,
375 615 425 659 et
464 606 630 660 verbis
671 605 982 675 amplificare
1016 604 1151 657 illam
1184 603 1624 676 Eutychianorum

117 682 476 752 cuiuscumque
534 693 696 736 sectae
737 682 799 734 ad
854 682 1008 735 fidem
1061 679 1365 733 catholicam
1406 698 1629 736 conver-

115 758 334 828 sionem,
377 769 430 811 ut
470 758 654 812 deinde
693 759 1040 824 concluderet,
1064 759 1297 827 abrogari
1332 775 1445 812 vnon
1487 775 1629 829 posse

113 834 392 904 capitulum
435 835 555 888 illud
595 835 708 888 Vll.
753 853 818 887 ne
856 835 1004 887 simul
1047 845 1119 887 tot
1165 833 1535 888 haereticorum
1564 835 1627 887 ad

117 911 396 965 Ecclesiam
438 913 639 966 reditus·
665 913 714 964 in
757 913 954 964 irritum
988 911 1363 978 deduceretur3
1409 929 1506 982 qua
1569 912 1631 965 de

114 1004 265 1042 causa
295 988 516 1042 alienum
558 989 725 1042 fuisset
765 1006 792 1042 a
834 990 995 1057 Sergii
1028 988 1307 1042 intentione
1330 986 1462 1042 hanc
1502 1006 1632 1042 con-

118 1066 405 1119 versionem
445 1067 641 1120 silentio
663 1066 978 1137 praeterire,
1021 1082 1124 1118 non
1152 1075 1320 1118 autem
1348 1083 1461 1118 eam
1484 1083 1632 1119 com-

117 1159 428 1210 memorare,
471 1150 524 1197 et
563 1160 665 1196 non
721 1143 919 1212 vulgari
961 1142 1244 1211 eloquentia
1287 1159 1553 1195 exornare.

196 1219 373 1273 Nescio
414 1237 536 1273 vero
575 1220 748 1290 quanti
791 1219 1026 1283 habenda
1067 1219 1128 1271 sit
1170 1217 1252 1270 illa
1293 1220 1421 1272 ratio
1463 1236 1492 1272 a
1531 1221 1629 1273 do-

120 1295 340 1350 ctissimo
380 1295 657 1369 Episcop0‚
700 1307 952 1367 postremo
978 1296 1091 1349 loco
1126 1294 1361 1362 adducta;
1405 1314 1506 1349 non
1531 1314 1630 1367 po-

117 1372 294 1443 tuisse,
335 1390 560 1445 nempe,
601 1374 836 1442 Sergium
877 1373 1094 1426 scribere
1135 1371 1197 1424 ad
1239 1373 1528 1426 Honorium
1569 1374 1631 1426 de

42 1498 43 1502 ,
122 1466 319 1503 assensu
361 1450 636 1521 Sophronii
678 1452 811 1502 circa
852 1449 1110 1502 silentium
1153 1450 1482 1515 servandum,
1514 1467 1631 1503 cum

121 1524 204 1579 hic
245 1526 414 1597 paullo
456 1538 565 1599 post
605 1527 869 1598 epistolam
911 1527 970 1579 ad
1001 1527 1293 1580 Romanum
1333 1527 1634 1581 Pontificem

122 1603 337 1671 dederit,
378 1621 474 1675 qua
517 1604 670 1658 fidem
710 1603 1012 1658 catholicam
1052 1616 1226 1657 contra
1270 1603 1634 1658 Monothelitas

122 1681 327 1750 egregie
389 1682 637 1734 tuebatur.
684 1682 743 1734 ln
784 1699 885 1751 quo
926 1692 1226 1750 argumento
1257 1722 1273 1752 ,
1318 1690 1371 1733 ut
1413 1682 1632 1751 ingenue

120 1757 310 1827 dicam,
353 1759 661 1830 desideratur
700 1759 1074 1828 consequentia.
1119 1759 1271 1812 Nam:
1316 1757 1634 1828 Sophronius

123 1851 226 1888 non
267 1836 555 1890 observavit
612 1835 866 1888 silentium
906 1839 1037 1887 circa
1100 1835 1264 1901 duem,
1326 1838 1422 1888 vel
1475 1852 1631 1888 unam

122 1912 470 1982 operationem
493 1912 696 1979 Christi3
717 1929 839 1982 ergo
865 1911 984 1964 illud
1009 1929 1109 1965 non
1135 1912 1380 1984 promisit.
1407 1911 1631 1975 Quaero:

125 1988 381 2042 conclusio
422 1991 647 2060 sequitur
689 2007 751 2043 ne
791 2007 854 2042 ex
884 1986 1236 2043 antecedenti?
1267 2005 1440 2042 nonne
1480 1989 1638 2043 multa

125 2067 252 2118 fiunt
291 2067 556 2136 promissa,
598 2067 719 2140 quin
762 2077 930 2118 tamen
979 2083 1133 2137 opere
1174 2063 1561 2136 compleantur?

200 2145 264 2194 At
304 2145 583 2214 respondeo
626 2145 678 2196 2.
725 2143 992 2195 Silentium
1034 2160 1061 2195 a
1091 2143 1384 2215 Sophronio
1426 2142 1638 2196 minime

123 2219 348 2272 absolute
388 2222 688 2290 promissum
751 2221 944 2286 fuisse;
983 2220 1066 2272 sed
1108 2239 1166 2273 ea
1209 2219 1522 2289 conditione⁷
1583 2226 1640 2272 ut

125 2296 277 2348 etiam
324 2296 484 2368 Cyrus
545 2298 677 2350 circa
738 2313 890 2349 unam
932 2299 1280 2368 operationem
1363 2295 1481 2348 illud
1526 2312 1637 2349 ser—

77 2414 81 2418 .
124 2384 283 2426 varet.
356 2378 420 2426 At
462 2375 786 2429 observatum
843 2374 991 2426 fuisse
1033 2391 1058 2426 a
1107 2373 1241 2444 Cyro
1271 2374 1635 2443 praescriptum

125 2449 383 2502 silentium
426 2451 633 2504 omnino
678 2448 856 2504 salsum
898 2462 991 2517 est3
1034 2450 1104 2502 nil
1148 2452 1333 2503 mirum
1366 2450 1577 2519 proinde
1598 2450 1638 2502 si

127 2542 292 2596 neque
332 2545 358 2579 a
401 2525 692 2598 Sophronio
735 2528 883 2580 suerit
924 2528 1267 2592 observatum,
1310 2543 1425 2579 cum
1448 2545 1511 2580 ex
1535 2528 1641 2598 ipsa

128 2603 459 2673 promissione
503 2604 622 2658 illud
663 2621 868 2658 servare
910 2621 1011 2657 non
1054 2608 1328 2657 teneretur.
1368 2639 1371 2642 -

147 2710 150 2713 -
203 2679 330 2733 Dico
373 2698 494 2735 vcro
539 2682 591 2734 3.
663 2682 861 2734 diversa
906 2682 1098 2735 ratione
1153 2681 1484 2750 judicandum
1536 2697 1641 2733 esse

128 2755 190 2811 de
232 2755 520 2828 Sophronio
563 2757 818 2812 Monacho
854 2775 909 2811 ac
951 2758 1012 2812 de
1052 2756 1341 2831 Sophronio
1385 2758 1638 2829 Episcopo
