1780 3038
141 270 207 324 Ei
245 266 371 322 haec
410 267 614 339 quidem
653 285 730 321 ex*
756 270 917 340 prima
959 267 1194 341 epistola,
1242 279 1372 340 quae
1413 271 1580 323 maxi-

68 364 206 402 mam
246 346 580 418 suspicionem
620 346 883 400 Romanae
923 345 1202 400 Cathedme
1231 346 1457 400 osoribus
1497 347 1581 399 in-

65 424 212 495 gerit.
255 422 308 475 Si
349 439 469 478 vero
497 421 705 476 alteram
746 422 990 492 legamu5‚
1016 423 1270 493 quomodo
1301 424 1350 476 in
1373 423 1581 477 dubium

65 516 306 556 revocare
366 499 638 570 poterimus
702 509 751 552 et
789 501 910 553 duas
966 518 1084 553 eum
1145 500 1396 554 admisisse
1454 517 1583 571 ope-

67 578 306 646 rationeS,
348 586 397 628 et
436 593 498 628 ex
529 576 717 629 naturis
738 577 915 631 activis
953 576 1190 632 etliberis
1224 573 1586 648 procedentes?

67 651 324 723 Utrasque
371 659 616 718 naturas,
647 652 830 724 inquit,
877 650 935 707 in
976 672 1083 707 uno
1132 651 1343 708 Christo
1382 650 1583 708 unitate

65 726 310 787 naturali
346 731 615 802 copulatas
643 747 762 783 cum
801 725 1019 784 alterius
1057 727 1423 785 communione
1460 738 1584 804 ope-

65 814 245 863 rantes
286 811 438 876 atque
464 802 779 879 operatrices
808 802 1059 879 confiteri
1108 802 1369 875 debemus3
1409 813 1457 860 et
1494 803 1584 861 di-

65 879 251 938 vinam
281 878 492 954 quidem
539 900 671 952 quae
717 879 822 937 Dei
860 890 983 937 sunt
1022 891 1346 956 operantem,
1393 889 1440 937 et
1478 879 1584 938 hu·-

65 977 289 1015 manam
341 976 472 1030 quae
517 955 697 1013 carnis
746 965 866 1013 sunt
911 966 1256 1030 exequentem.
1301 960 1367 1013 Ει
1413 959 1583 1030 paullo

69 1041 201 1110 post:
247 1054 350 1109 pro
382 1053 493 1090 una
538 1054 695 1106 quam
743 1032 961 1106 quidam
1007 1031 1190 1090 dicunt
1240 1032 1582 1110 operatione,

66 1119 269 1187 oportet
297 1130 391 1166 nos
411 1130 579 1165 unum
618 1119 947 1186 operatorem
977 1108 1249 1167 Christum
1287 1110 1584 1168 Dominum

67 1187 127 1245 in
164 1186 392 1259 utrisque
416 1185 626 1243 naturis
658 1185 884 1242 veridice
911 1184 1180 1262 confiteri3
1216 1196 1261 1243 et
1285 1206 1386 1262 pro
1439 1186 1581 1244 elua—

68 1262 163 1321 bus
208 1259 618 1339 operationibus,
666 1261 839 1319 ablato
881 1264 1120 1338 qeminae
1146 1262 1468 1338 operationis
1488 1284 1586 1321 υο-

68 1338 275 1410 cabule,
316 1338 457 1415 ipsas
481 1338 656 1414 potius
702 1338 838 1396 duas
882 1350 1134 1413 natura&
1182 1338 1241 1395 id
1285 1350 1358 1396 est
1383 1339 1589 1398 divini-

69 1416 193 1475 tatis
237 1426 284 1474 et
329 1415 512 1472 carnis
555 1425 854 1491 assumptae
883 1415 942 1473 in
992 1436 1097 1473 una
1134 1436 1361 1492 persona
1392 1416 1587 1492 Uniqe-

68 1493 174 1552 niti
211 1492 317 1550 Dei
360 1491 570 1566 Patris,
610 1491 903 1570 inconfuse,
934 1491 1179 1562 indivise,
1208 1502 1361 1566 atque
1399 1493 1587 1551 incon-

68 1568 380 1628 vertibiliter
410 1567 680 1626 nobiscum
703 1570 1020 1645 praedicare
1043 1568 1269 1646 propria
1295 1580 1582 1645 operantes.

147 1649 281 1714 Quid
322 1648 372 1701 in
414 1646 548 1703 hisce
588 1665 859 1704 occurrere
899 1655 1081 1722 potest,
1122 1648 1256 1719 quod
1295 1648 1446 1702 fidem
1473 1650 1589 1705 Ho-

71 1726 202 1781 norii
245 1727 296 1780 in
336 1725 547 1780 dubium
588 1723 846 1781 revocet?
887 1727 1068 1781 Nonne
1121 1726 1300 1780 fatetur
1330 1726 1588 1798 utriusque

72 1813 281 1859 naturae
320 1799 671 1874 operationes?
710 1803 892 1858 Nonne
934 1814 1198 1874 utramque
1239 1803 1455 1857 activam
1494 1804 1588 1858 de·-

72 1880 251 1951 fendit‚
292 1880 413 1934 dum
440 1897 524 1933 eas
563 1885 713 1934 vocat
744 1880 951 1952 propria
977 1885 1245 1951 operantes
1284 1890 1431 1951 atque
1459 1897 1588 1952 ope-

71 1953 311 2012 ratrices?
361 1956 702 2021 Quandonam
743 1969 923 2011 natura
964 1956 1160 2028 passiva
1189 1973 1413 2031 operans
1451 1976 1589 2030 pro-

67 2031 198 2110 pria
238 2033 350 2101 fuit,
390 2040 545 2104 atque
573 2031 886 2108 operatrioe‘?
926 2037 1089 2104 Atque
1130 2034 1347 2088 notanda
1369 2042 1441 2088 est
1468 2052 1589 2089 ver-

75 2112 256 2166 borum
296 2111 560 2183 praecisio:
604 2111 723 2164 dieii
765 2112 925 2182 enim,
971 2111 1109 2181 quod
1151 2123 1363 2181 utraque
1410 2119 1589 2167 natura

71 2184 300 2263 propria
321 2194 657 2261 ope-raretum
679 2205 801 2258 ergo
842 2188 1098 2259 quaeiibet
1137 2204 1200 2241 ex
1228 2187 1477 2258 principio
1508 2189 1590 2241 in-

77 2265 290 2320 trinseco
318 2276 367 2318 et
388 2264 553 2319 activo
593 2266 916 2335 operabatur3
955 2264 1040 2335 qui
1070 2265 1208 2318 enim
1246 2281 1309 2318 ex
1335 2264 1432 2318 alio
1461 2281 1590 2337 ope-

77 2351 237 2408 ratur,
279 2341 481 2413 propria
505 2341 702 2414 operor-i
736 2341 831 2395 dici
877 2359 978 2395 non
1029 2347 1192 2413 potes,

151 2418 333 2472 Nonne
372 2418 584 2472 eandem
624 2418 777 2472 fidem
816 2419 988 2472 Patres
1052 2417 1263 2472 Concilii
1327 2415 1416 2470 Vl.
1459 2416 1591 2472 desi-

80 2494 222 2549 niere
262 2495 473 2550 Aetione
500 2494 836 2550 le11.‹1um
861 2496 1118 2549 dixerunt:
1164 2513 1191 2548 «
1238 2493 1467 2565 Undique
1491 2495 1591 2566 igi-

82 2592 109 2627 «
157 2581 237 2625 tur·
281 2572 596 2626 inconfusum
655 2578 805 2643 atque
868 2572 1136 2627 indivisum
1197 2583 1588 2642 conservanteS,

26 2700 29 2702 ,
82 2666 110 2702 «
154 2649 295 2703 brevi
337 2666 464 2704 voce
499 2648 1023 2720 cunetaproserimus,
1047 2664 1205 2700 unum
1245 2658 1443 2702 sanetae
1471 2646 1589 2704 Tri-

15 2742 19 2782 ζ
84 2745 111 2780 (ι
158 2726 350 2792 nitatis,
389 2736 438 2778 et
478 2737 592 2796 post
622 2726 1029 2779 lucar-nationem
1058 2725 1336 2778 Dominum
1360 2734 1585 2783 nostrum

81 2795 125 2875 ἰ),
157 2801 323 2859 lesum
362 2801 618 2859 Christum
660 2820 839 2860 verum
879 2803 1047 2859 Deum
1087 2811 1314 2857 nostrum
1341 2818 1443 2857 esse
1471 2821 1586 2862 cre-
