1780 3038
249 240 276 273 ε(
320 218 629 282 carnatione‚
669 214 802 286 quod
844 215 1084 268 nimirum
1123 212 1391 283 scripserit,
1433 229 1536 266 esse
1558 213 1741 267 Domi-

248 317 274 351 «
321 314 463 364 num,
505 305 557 346 ut
595 302 665 345 cst
705 292 882 357 homo,
925 292 1107 359 absque
1149 301 1350 359 peccato
1409 290 1658 360 originali.
1707 309 1734 342 i)

246 373 323 425 Ex
365 372 458 424 hac
513 386 632 423 vero
675 368 826 436 impia
869 368 1180 419 Graecorum
1242 366 1464 419 doctrina
1532 368 1740 421 omnino

244 449 540 517 sequebatur
583 444 664 495 illa
706 443 1021 496 voluntatum
1061 436 1251 512 pugna,
1307 459 1456 512 quam
1499 443 1548 494 in
1589 443 1741 495 Chri.—

244 534 319 576 sto
362 520 716 575 monothelitae
756 520 1097 584 adstruebam,
1139 519 1175 570 si
1219 518 1269 569 in
1335 536 1394 571 eo
1433 518 1604 571 saltem
1646 537 1743 574 vo·-

244 598 405 650 luntas
445 598 605 649 activa
648 596 993 647 admitteretur
1018 630 1034 659 ‚
1075 595 1191 664 quia
1218 630 1234 661 ,
1275 604 1329 646 ut
1369 611 1480 660 nos,
1520 595 1743 650 Christus

244 672 674 743 concupiscentiae
704 671 875 724 fomite
903 689 930 724 a
956 670 1409 724 voluntatedivina
1440 672 1742 742 perficienda

244 753 515 803 abstractus
556 749 740 801 fuisset.
786 748 918 811 Quid
961 763 1082 816 ergo
1123 748 1402 811 Honorius,
1431 765 1579 817 quem
1612 759 1745 802 certe

246 843 347 879 non
389 826 572 879 latebat
611 825 855 878 eiusmodi
897 824 1207 877 Graecorum
1246 821 1623 878 commentum?
1655 825 1745 878 vi-

243 903 364 955 dens
404 903 537 972 quod
584 900 665 953 illa
709 900 1022 954 voluntatum
1079 918 1269 971 pugna,
1310 911 1359 954 et
1399 901 1610 971 proinde
1650 918 1747 954 ne·-

240 979 381 1049 gatio
424 978 514 1032 illa
548 976 800 1030 humanae
841 975 1131 1043 voluntatiS‚
1176 977 1254 1030 vel
1285 977 1390 1030 eius
1430 977 1744 1050 activitatis,

242 1072 396 1125 quam
437 1052 798 1108 Monothelitae
841 1054 1243 1124 praedicabant,
1285 1070 1390 1106 esse
1429 1070 1746 1124 consequen-

243 1132 363 1184 tiam
407 1130 732 1184 necessariam
775 1129 1052 1200 impiissimi
1097 1130 1226 1182 illius
1265 1131 1557 1197 commenti,
1598 1131 1748 1184 abso-

244 1207 346 1261 lute
387 1207 591 1276 negavit
633 1207 682 1258 in
723 1205 919 1259 Christo
961 1206 1207 1277 originale
1274 1202 1531 1277 peccatum
1563 1243 1580 1272 ‚
1621 1223 1749 1262 con-

242 1284 500 1337 tendendo
528 1300 644 1336 eum
686 1283 982 1354 assumpisse
1015 1285 1263 1353 integram
1292 1284 1469 1336 Adami
1494 1293 1746 1352 naturam,

245 1377 347 1413 non
389 1370 699 1431 corruptamg,
741 1369 789 1413 et
830 1361 1043 1430 proinde
1084 1360 1278 1412 nullum
1299 1370 1561 1431 expertum
1605 1361 1750 1415 luisse

244 1437 535 1506 contagium
577 1437 781 1491 vitiatae
823 1447 1053 1505 naturae,
1081 1454 1168 1492 seu
1208 1435 1640 1508 concupiscentiae
1668 1438 1750 1491 fo·—

244 1515 440 1580 mitem‚
482 1530 580 1583 quo
626 1513 1002 1584 impediretura
1040 1513 1244 1568 salutari
1306 1514 1534 1585 passione
1583 1514 1750 1568 adim-

245 1589 449 1660 plenda,
494 1589 570 1643 vel
613 1608 640 1643 a
682 1590 987 1659 perficienda
1053 1591 1307 1645 voluntate
1348 1592 1553 1658 Patris3
1591 1608 1750 1662 eaque

246 1667 439 1719 ratione
506 1665 696 1719 nullam
738 1667 786 1719 in
848 1684 907 1721 eo
950 1685 1174 1738 pugnam
1233 1668 1491 1735 extitisse,
1554 1668 1749 1729 etiamsi

246 1743 368 1796 duas
389 1741 594 1796 haberet
616 1742 916 1798 voluntates·
939 1746 1086 1799 Hanc
1109 1746 1323 1799 Honorii
1356 1756 1577 1798 mentem
1604 1744 1751 1798 fuisse

246 1819 353 1889 ipse
392 1819 607 1873 Ioannes
647 1818 735 1871 IV.
781 1821 831 1872 in
872 1821 1021 1875 citata
1063 1821 1311 1893 Apologia
1342 1821 1522 1875 diserte
1548 1815 1749 1893 fatetur,

246 1896 367 1948 dum
409 1907 517 1966 post
575 1897 722 1948 citata
765 1898 917 1950 verba
957 1899 1161 1952 subdit:
1206 1918 1232 1952 <t
1279 1898 1564 1952 Secundum
1617 1897 1752 1951 hunc

249 1990 277 2024 <t
324 1972 475 2042 igitur
515 1973 720 2026 modum
763 1973 861 2025 iam
901 1976 1060 2028 dictus
1098 1976 1325 2030 decessor
1374 1986 1543 2030 noster
1597 1991 1753 2046 prae-

247 2068 277 2102 «
323 2049 583 2103 nominato
623 2049 800 2119 Sergio
831 2051 1151 2104 patriarchae
1181 2052 1493 2123 percontanti
1524 2051 1752 2122 scripsis-

251 2144 277 2178 «
321 2142 374 2178 se
414 2126 741 2196 dignoscitur3
780 2126 895 2196 quia
927 2129 976 2181 in
1006 2129 1265 2182 Salvatore
1296 2139 1463 2182 nostro
1493 2128 1621 2182 duae
1655 2131 1766 2182 ’νο-ἑ

251 2215 278 2253 «
325 2201 536 2256 luntates
576 2204 878 2269 contrariae,
916 2206 972 2258 id
1012 2215 1106 2271 est,
1149 2205 1197 2258 in
1225 2206 1462 2258 membris
1478 2205 1635 2276 ipsius
1657 2221 1752 2273 pe·-

250 2297 277 2331 «
324 2279 456 2332 nitus
496 2296 596 2332 non
639 2279 936 2348 consistunt,
978 2281 1222 2351 quoniam
1251 2280 1391 2344 ⁴nihil
1436 2281 1542 2336 vitii
1594 2282 1752 2334 traxit

250 2370 278 2405 «
323 2371 384 2407 ex
423 2356 855 2426 praevaricatione
894 2358 1045 2430 primi
1086 2356 1324 2412 hominis.
1352 2356 1461 2432 (1)»
1487 2357 1546 2411 Id
1584 2367 1754 2411 autem

289 2503 366 2568 ²(l)
398 2503 541 2550 Contra
572 2506 644 2550 hos
687 2506 795 2564 loqui
828 2506 1042 2552 Honorium
1068 2543 1080 2558 ,
1114 2521 1162 2552 ex
1205 2507 1328 2567 ipsius
1371 2507 1549 2566 epistolis
1591 2505 1754 2565 probari

246 2566 364 2616 etiam
395 2571 540 2621 potest;
574 2566 771 2622 siquidem
805 2566 917 2611 dicit:
956 2585 975 2609 α
1006 2567 1250 2625 Simpliciter
1281 2576 1399 2624 atque
1434 2567 1629 2610 veraciter
1659 2579 1756 2620 con,-

218 2623 226 2630 “
252 2634 271 2657 <1
307 2620 466 2667 fitentes
498 2621 704 2668 Dominum
735 2626 877 2671 lesum*
901 2624 1096 2671 Christum
1129 2640 1250 2670 unum
1301 2623 1562 2683 operatorem'
1597 2623 1756 2667 divinae

250 2692 268 2715 α
304 2686 422 2735 atque
454 2681 645 2727 humanae
677 2693 854 2735 naturae,
873 2685 1037 2729 electius
1061 2684 1296 2729 arbitrantes
1329 2693 1370 2727 ut
1408 2684 1498 2727 vani
1528 2691 1762 2729 naturarum-

248 2750 267 2772 “
302 2738 586 2793 ponderatores
617 2742 749 2790 ociose
783 2745 1050 2801 negotiantem
1087 2750 1129 2788 et
1153 2743 1328 2803 turgidis
1358 2741 1546 2789 adversus
1577 2755 1650 2787 nos
1679 2741 1752 2786 in·-
