1780 3038
198 289 228 324 ((

197 367 226 400 ί(

197 442 226 476 ((

196 518 226 552 ((

197 596 223 629 ((

198 669 224 702 ((

196 748 221 780 ((

196 823 222 855 «

196 896 221 929 ((

196 974 220 1006 ((

196 1050 221 1082 ((

195 1127 220 1160 ((

196 1201 221 1234 ((

196 1276 222 1311 ((

195 1431 222 1463 ((

195 1505 221 1537 ((

197 1581 222 1613 ((

196 1658 222 1692 ((

196 1732 222 1765 ((

195 1811 220 1843 ί(

196 1884 222 1917 ((

196 1961 220 1994 t(

194 2037 220 2070 t(

194 2114 218 2145 t(

193 2192 219 2224 ἐ(

196 2266 219 2298 t(

194 2343 218 2375 G(

350 215 375 249 «
423 195 455 247 4
496 193 638 246 Unde
678 209 767 245 nos
805 211 936 263 quae
976 200 1172 245 nostrae
1211 199 1354 242 erant
1409 188 1642 242 scientiae
1666 224 1683 254 ,

274 288 363 341 per
414 280 579 324 nostra
608 269 844 341 rescripta
882 269 928 321 ei
968 265 1385 338 significavimuS,
1414 265 1686 334 dirigentes

271 348 420 400 etiam
460 362 742 399 sermonem
782 344 1189 398 acclamatorium
1230 341 1447 395 Mennae
1485 341 1687 394 sanctis-

271 424 380 475 simi
422 422 674 492 quondam
715 418 1029 491 patriarchae
1071 417 1219 470 huius
1259 435 1285 470 a
1325 418 1437 471 Deo
1478 434 1686 471 conser-

273 499 463 553 vandae
503 497 668 566 regiae
709 497 863 558 urbis,
906 505 1191 566 porrectum
1233 494 1295 546 ab
1321 511 1381 547 eo
1423 493 1506 547 hic
1535 511 1687 564 prae-

269 576 390 627 senti
459 573 646 642 Vigilio
712 585 911 625 sanctae
979 570 1252 625 memoriae
1319 570 1685 641 praedecessori

270 650 549 703 Sanctitatis
589 648 813 715 Vestrae,
836 648 1105 702 habentem
1145 658 1194 701 et
1232 645 1427 702 diversa
1459 647 1687 700 testimo-

270 727 348 777 nia
391 736 594 795 paterna
634 725 696 777 de
737 743 834 777 una
877 725 1170 796 operatione
1210 733 1260 775 et
1301 741 1398 777 una
1431 723 1687 779 voluntate

267 802 536 855 Salvatoris
577 801 730 853 nostri
796 800 975 854 Christi
1019 801 1125 856 veri
1191 799 1286 851 Dei
1329 802 1502 854 nostri.
1546 798 1686 853 Nihil

269 889 430 930 tamen
498 877 758 948 proprium
825 879 1021 948 penitus
1062 877 1112 928 in
1154 874 1439 930 huiusmodi
1508 876 1686 930 nostris

268 955 512 1024 rescriptis
580 953 1013 1024 promulgavimus
1044 990 1060 1019 ,
1101 951 1227 1005 sicut
1283 955 1502 1023 suppetit
1542 969 1686 1006 nosse

270 1047 355 1084 vos
393 1031 743 1084 sacratissimos
782 1040 831 1083 et
872 1030 1154 1096 unanimes,
1178 1027 1457 1098 relegentes
1484 1045 1684 1095 eorum,

266 1123 396 1176 quae
436 1107 579 1160 missa
620 1117 757 1173 sunt,
798 1107 1123 1177 exemplaria.
1170 1105 1233 1157 Et
1271 1105 1527 1161 silentium
1566 1108 1686 1177 qui-

267 1183 380 1235 dem
420 1202 481 1236 ex
523 1183 605 1237 illo
648 1194 873 1254 tempore
938 1182 1224 1236 huiusmodi
1288 1186 1503 1257 suscepit
1541 1183 1688 1255 capi—-

269 1259 448 1312 tulum.
493 1255 584 1332 (l).

344 1355 369 1389 «
414 1335 445 1387 5
487 1335 614 1399 Quia
657 1336 808 1406 igitur
847 1346 961 1390 ante
1003 1353 1218 1407 parvum
1248 1344 1465 1407 tempuS,
1494 1347 1686 1408 coope-

268 1421 407 1465 rante
448 1413 606 1481 gratia
646 1413 765 1479 Dei,
807 1414 890 1483 qui
933 1430 1107 1466 omnes
1153 1411 1384 1466 homines
1437 1411 1544 1467 vult
1582 1413 1687 1466 sal-

267 1505 355 1540 vos
396 1488 524 1554 sieri,
566 1498 614 1541 et
653 1490 714 1541 ad
755 1490 1065 1559 agnitionem
1107 1490 1326 1544 veritatis
1368 1490 1563 1556 venire,
1612 1487 1685 1564 (2)

270 1564 351 1632 pio
389 1564 497 1617 zelo
539 1564 787 1618 fortissimi
831 1583 887 1620 ac
929 1567 1238 1622 invictissimi
1284 1567 1455 1635 magni
1510 1567 1688 1637 Impe—

268 1641 443 1693 ratoris
483 1643 720 1694 excitatus
781 1641 940 1713 Cyrus
978 1643 1312 1696 sanctissimus
1351 1643 1688 1699 Alexandriae

268 1734 479 1786 magnae
519 1718 729 1773 civitatis
759 1719 1069 1784 Patriarcha‚
1111 1730 1159 1773 et
1198 1721 1481 1774 communis
1535 1722 1688 1774 frater

267 1804 430 1845 noster
468 1803 513 1846 et
555 1796 878 1849 consacerdos
918 1797 1035 1864 Dei,
1096 1798 1379 1850 amabiliter
1417 1808 1467 1851 et
1509 1797 1689 1852 mode-

265 1880 336 1921 ste
375 1868 661 1923 adhortatus
719 1882 790 1924 est
853 1890 937 1926 eos
968 1910 984 1940 ,
1025 1873 1109 1944 qui
1153 1874 1203 1926 in
1244 1891 1429 1943 magna
1484 1875 1688 1929 civitate

265 1944 620 2013 Alexandrina,
662 1942 951 2019 Eutychetis
990 1960 1038 2003 et
1075 1951 1328 2016 Dioscori,
1351 1951 1525 2005 Severi
1554 1969 1689 2023 quo-

264 2038 360 2089 que
398 2033 446 2076 et
485 2023 662 2076 Iuliani
703 2025 812 2078 Deo
860 2026 1120 2079 odibilium
1143 2026 1334 2080 haeresi
1366 2027 1685 2098 languerent,

264 2097 324 2149 ad
364 2098 660 2152 catholicam
689 2101 959 2155 Ecclesiam
1001 2105 1255 2158 accedere.
1311 2105 1371 2157 Et
1413 2116 1522 2175 post
1550 2105 1688 2159 mul-

267 2184 336 2225 tas
363 2175 718 2246 disputationes
757 2188 805 2230 et
845 2179 1059 2246 laboreS,
1089 2198 1213 2251 quos
1240 2198 1355 2234 cum
1387 2183 1541 2234 nimia
1572 2200 1690 2253 pru-

265 2249 452 2318 dentia,
493 2262 542 2306 et
579 2252 907 2307 saluberrima
947 2256 1315 2327 dispensatione
1339 2259 1388 2310 in
1412 2257 1507 2312 hac
1562 2275 1690 2312 cau—

262 2343 312 2380 sa
355 2327 615 2400 impendit,
657 2328 774 2398 hoc,
814 2333 947 2402 quod
988 2333 1270 2403 festinabat,
1300 2353 1390 2408 pet·
1410 2352 1688 2407 supernam

304 2476 362 2529 tl)
406 2476 490 2521 Hoc
522 2494 656 2537 reapse
688 2483 859 2538 putidum
911 2482 1158 2527 mendacium
1201 2493 1300 2530 erat.
1336 2485 1547 2540 Quomodo
1581 2487 1688 2531 cuim

193 2536 366 2602 (Quaestio
400 2531 476 2579 itta'
495 2538 543 2581 de
575 2554 651 2582 una
685 2540 827 2586 Christi
850 2543 1075 2599 operatione
1093 2544 1288 2587 silentium
1311 2548 1500 2603 suscepit,
1527 2547 1687 2603 quando

192 2595 471 2657 Lyrus‘paullo
506 2605 592 2653 post
628 2613 762 2654 pacem
788 2615 876 2644 cuin
900 2602 1122 2644 Severianis
1144 2611 1183 2645 et
1218 2598 1394 2646 Dioscori
1427 2605 1690 2649 sectatoribus

190 2661 371 2701 sancivit,
407 2655 577 2710 capitulo
617 2654 702 2699 vn.
740 2658 789 2701 de
823 2673 896 2702 una
930 2660 1157 2718 operatione
1187 2662 1498 2707 subscribendo?

309 2709 360 2765 (2)
394 2709 441 2754 Η.
478 2712 644 2759 Τιίηυιίι.
680 2716 731 2761 ll.
769 2717 807 2760 4,
