1780 3038
743 140 817 149 -—
861 108 966 161 172
1006 139 1080 147 —
1147 160 1154 163 Α,
1330 160 1332 162 ,

140 165 392 256 ιη’ῑῐηῃιηάηί,
429 186 723 240 velfillorum
768 186 1019 252 omnium,
1061 186 1144 255 qui
1185 200 1360 238 eorum
1401 184 1531 255 parti
1554 193 1662 237 stu-

145 266 361 318 debant.
405 264 706 316 Subiiciebat
767 273 933 315 autem
993 271 1045 313 ut
1085 261 1308 332 privatae
1366 254 1662 332 personae?

159 341 447 405 Quamnam
491 339 626 391 enim
669 340 1013 391 anctoritatem
1039 338 1087 389 in
1131 350 1227 390 tres
1254 336 1588 408 PatriarchaS,
1616 345 1666 389 et

161 417 263 470 sere
306 418 353 468 in
395 416 680 467 nniversam
708 414 981 467 Ecclesiam
1011 413 1319 466 Orientalem
1359 412 1414 486 (si
1446 413 1666 483 excipias

163 488 364 545 sortasse
403 489 748 543 Patriarcham
787 488 1180 556 Antiochenurn‚
1223 489 1282 542 de
1311 507 1410 560 quo
1447 489 1582 543 nulla
1615 489 1667 542 in

163 564 297 621 hisee
337 567 556 638 epistolis
595 566 782 619 mentio
824 565 1059 638 occurrit)
1101 567 1164 618 R.
1197 566 1431 619 Pontifex
1477 576 1530 619 ut
1558 566 1669 636 pri-

163 655 276 697 vata
318 661 529 714 persona
569 659 803 695 exercere
842 649 1040 713 poterat
1063 638 1093 694 ἶ)
1133 643 1315 696 Nonne
1354 643 1535 713 Sergio
1575 642 1669 695 de-

143 719 355 791 cretum
396 719 670 784 ostendenti
715 720 1016 788 respondere
1046 719 1339 789 potuissent,
1389 719 1671 790 parvipen-

163 797 384 851 dendum
407 814 510 849 esse
536 812 652 849 cum
687 797 749 848 ab
778 796 1032 849 Ecclesiae
1060 796 1222 866 capite
1246 812 1351 849 non
1394 791 1670 866 prodierit‘.>

311 870 395 923 7⁰.
444 873 682 938 Demum,
712 890 810 942 quo
853 873 1035 925 indicio
1075 870 1454 942 deprehendere
1493 888 1673 942 possu-

165 965 276 1000 mus
315 949 549 1017 Sergium
567 950 851 1018 ¹agnovisse
881 949 1253 1002 distinctionem
1286 948 1421 1002 illam
1453 948 1582 1002 inter
1600 948 1669 1002 R.

164 1025 536 1092 Pontificem,et
559 1027 810 1096 privatam
833 1042 1188 1097 personam‚ex
1210 1041 1306 1094 qua
1324 1025 1496 1079 saltem
1509 1024 1674 1095 suspi-

166 1103 270 1153 cari
312 1102 459 1154 nobis
503 1102 670 1155 liceret
711 1120 826 1155 eum
869 1102 1072 1155 forsitan
1127 1103 1414 1155 Honorium
1457 1102 1676 1155 interro-

169 1194 308 1244 gasse
350 1190 404 1231 ut
445 1179 697 1248 privatum
738 1176 1031 1232 doctorem?
1072 1179 1122 1231 Si
1167 1179 1318 1249 igitur
1345 1180 1407 1232 ex
1447 1179 1677 1231 Patriar-

168 1253 294 1306 eliae
334 1254 511 1326 Cptani
555 1266 720 1308 mente
761 1273 866 1308 rem
915 1257 1150 1308 dirimere
1190 1255 1424 1321 velimus,
1466 1254 1677 1309 conclu-

169 1331 388 1383 dendum
418 1332 626 1384 omnino
655 1341 726 1384 est
752 1349 868 1385 eum
899 1333 1136 1385 iudicium
1161 1332 1486 1402 apostolicum
1515 1347 1678 1403 expo-

168 1407 370 1459 stulasse
410 1418 458 1460 et
496 1409 794 1461 sententiam
837 1410 1091 1462 serendam
1133 1410 1195 1461 ab
1235 1408 1465 1462 Honorio
1513 1418 1565 1460 ut
1592 1407 1678 1480 qui

172 1494 368 1558 gereret
408 1480 555 1536 totius
595 1483 824 1547 catholici
868 1487 1002 1545 orbis
1044 1485 1409 1556 episcopatum.

251 1559 311 1611 Ut
328 1571 499 1613 antem
531 1561 741 1616 alterurn
771 1579 927 1628 genus
956 1568 1371 1631 argumentorum
1400 1560 1675 1631 proferam.

331 1634 405 1707 1⁰,
451 1638 698 1707 Epistolas
738 1638 954 1692 Honorii
996 1640 1057 1692 ad
1096 1639 1333 1707 Sergium
1375 1656 1401 1691 a
1448 1638 1681 1690 Romana

173 1710 378 1781 Synodo
421 1715 724 1784 conscriptas
763 1732 889 1781 esse,
932 1733 1018 1772 ex,
1049 1715 1332 1768 testimonio
1373 1715 1426 1768 S.
1470 1713 1680 1766 Maximi

174 1787 285 1857 cap.
333 1791 563 1858 praeced.
591 1793 742 1854 citato
770 1792 885 1843 satis
927 1791 1099 1861 liquet.
1144 1793 1219 1843 Ad
1260 1792 1380 1861 quid
1421 1800 1587 1843 autem
1618 1789 1684 1842 il-

176 1863 275 1916 lam
317 1865 577 1935 Synodum
619 1867 822 1937 collegit
862 1869 1123 1922 Romanus
1164 1868 1395 1921 Pontifex
1434 1867 1470 1920 si
1495 1877 1547 1919 ut
1576 1867 1684 1937 pri-

177 1951 289 1994 vata
332 1938 543 2010 persona
584 1944 761 2014 Sergio
790 1945 1093 2014 respondere
1126 1940 1319 2002 vboluit‘?
1342 1944 1686 1997 Certissimum

178 2027 345 2092 autem
390 2019 438 2070 in
482 2018 684 2073 historia
725 2031 796 2073 est
837 2022 1024 2087 literas,
1066 2039 1188 2091 quas
1241 2021 1461 2074 Romani
1505 2020 1686 2072 Ponti-

177 2109 257 2145 ees
298 2095 559 2154 mittebant
598 2108 651 2149 ut
690 2098 909 2167 supremi
973 2099 1020 2149 in
1063 2098 1210 2150 terris
1249 2097 1432 2150 Christi
1474 2096 1684 2168 Vicarii,

179 2169 357 2222 confici
398 2171 558 2225 solere
600 2191 626 2225 a
666 2173 896 2226 Romana
941 2173 1148 2245 Synodo
1188 2171 1286 2247 (1).

168 2312 169 2315 Ἴ
332 2245 408 2298 2⁰.
452 2249 601 2302 Hisce
643 2250 691 2301 in
732 2250 953 2319 epistolis
1018 2250 1167 2303 sidem
1209 2251 1493 2321 proponit,
1535 2266 1687 2320 quam

181 2338 355 2375 omnes
393 2326 528 2394 sequi
571 2326 798 2378 debeant.
840 2323 997 2380 Enim
1037 2345 1160 2380 vero
1219 2323 1347 2380 duce
1387 2326 1499 2380 Deo
1559 2344 1688 2399 pcr-

180 2395 450 2471 veniemus
482 2421 638 2471 usque
676 2400 747 2455 ad
786 2421 1090 2456 mensuram
1157 2410 1322 2457 rectae
1385 2399 1534 2476 fidei:
1574 2403 1684 2456 Et:
1747 2397 1750 2401 ⁴

183 2470 616 2552 llaec-nobiscnm
653 2475 967 2552 fraternitas
1004 2486 1176 2533 vestra
1222 2477 1509 2552 praedicet,
1554 2476 1688 2532 sicut

183 2568 278 2620 nos
308 2570 387 2619 »ea
434 2550 696 2609 vobiscum
742 2552 1070 2609 unanimiter
1112 2553 1502 2628 praedicamus.
1567 2555 1683 2608 Non

186 2638 389 2694 possunt
428 2647 550 2700 ergo
611 2632 834 2702 privatae
895 2632 989 2685 diei
1017 2669 1032 2699 ,
1073 2649 1188 2686 curn
1245 2633 1443 2686 decreta
1483 2633 1543 2686 (le
1584 2631 1684 2685 side

244 2773 301 2828 (l)
332 2774 393 2817 Cf.
418 2773 444 2817 L
465 2809 473 2817 .
493 2774 734 2822 Holstenium
757 2778 794 2825 in
823 2777 923 2821 notis
946 2777 993 2822 ad
1017 2777 1219 2836 synodum
1241 2777 1460 2823 Romanam
1478 2771 1685 2822 Bonifacii.
