1780 3038
560 183 585 191 s

138 341 282 395 Hanc
322 338 579 411 epistolam
621 341 920 412 expendenti
963 348 1138 412 patet,
1180 337 1365 410 duplici
1408 356 1565 410 argu-

63 429 234 475 mento
276 431 598 488 propugnare
638 418 850 472 Paulum
881 416 1224 470 Pati-iarcham
1256 416 1565 471 voluntatem

63 493 340 549 humanam
384 494 432 546 in
473 492 671 547 Christo
712 495 857 547 fuisse
897 495 1106 548 omnino
1157 493 1403 563 passivam
1438 503 1568 560 ;··et

62 571 195 642 quod
219 589 246 624 a
267 569 434 623 Verbo
456 570 759 624 omnimodis
791 581 1099 637 moveretur,
1129 579 1180 624 et
1206 570 1340 639 quod
1366 569 1406 622 si
1440 569 1568 623 acti—

62 648 214 701 vitate
235 664 320 701 sua
345 647 565 717 praedita
600 647 786 715 suisset,
817 647 1077 701 obstitisset
1104 647 1306 700 divinae
1338 646 1571 699 voiunta-

63 724 118 776 ti.
143 724 221 777 Ex
241 723 419 794 quibus
458 723 710 777 concludit
747 725 900 779 verba
944 723 1025 776 illa
1067 722 1246 776 Christi
1290 723 1418 775 dicta
1465 738 1570 776 esse

64 802 363 862 recusative,
392 808 441 853 et
470 814 571 853 non
603 800 838 870 positive,
866 800 1003 870 quasi
1035 816 1217 870 nempe
1246 798 1469 852 Christus
1489 799 1571 852 di·-

62 877 210 930 xerit:
254 875 389 929 nulla
418 886 490 929 est
513 876 742 931 voluntas
771 878 820 930 in
850 894 930 929 me
958 878 1126 946 Pater,
1157 893 1256 945 qua
1283 893 1379 945 ego
1409 887 1573 930 motus

63 970 289 1008 recusem
330 953 633 1023 passionem3
675 953 758 1006 sed
799 963 872 1007 est
913 953 962 1005 in
994 970 1073 1006 me
1096 952 1452 1007 tantummodo
1476 970 1575 1007 vo-

64 1028 228 1083 luntas
267 1039 368 1083 tua.
413 1029 579 1082 Utitur
601 1047 721 1100 ergo
751 1030 934 1084 Paulus
964 1030 1078 1100 ipsis
1106 1029 1267 1098 Sergii
1293 1046 1573 1099 argumen-

66 1106 144 1159 tis.
189 1108 422 1159 Attamen
466 1105 602 1159 illam
642 1108 958 1160 sententiam:
1001 1101 1138 1160 unde
1184 1113 1231 1159 et
1256 1124 1423 1160 unam
1480 1124 1576 1160 vo-

56 1185 315 1238 luntatem
336 1179 564 1238 Domini
591 1180 779 1238 Nostri
824 1182 943 1239 Iesu
984 1178 1184 1237 Christi
1210 1179 1574 1254 intelliqt'muS,

60 1260 294 1331 excripsit
332 1276 395 1313 ex
434 1259 644 1330 epistola
686 1260 849 1330 prima
890 1259 1108 1312 Honorii
1141 1277 1158 1327 3
1199 1276 1355 1329 quare
1399 1259 1572 1329 igitur,

62 1353 271 1407 quaero,
303 1334 433 1388 illius
461 1336 607 1390 unius
649 1335 920 1390 voluntatis
942 1352 1042 1388 non
1086 1336 1246 1389 reddit
1267 1336 1464 1388 easdem
1488 1353 1576 1388 ra-

62 1413 225 1466 tiones
262 1429 386 1482 quas
408 1412 570 1465 reddit
631 1409 921 1467 Honorius?
944 1428 1098 1480 quare
1137 1429 1237 1466 non
1279 1412 1399 1465 dicit
1440 1411 1577 1465 illam

63 1491 362 1543 sententiam
415 1482 603 1542 Christi
645 1487 814 1545 Pater
854 1486 901 1543 si
938 1486 1017 1541 vis
1063 1495 1153 1542 etc.
1186 1506 1288 1543 non
1332 1489 1475 1542 fuisse
1496 1490 1578 1542 di·-

63 1583 237 1621 versae
261 1566 555 1631 voluntatis,
569 1566 652 1618 sed
668 1566 1049 1637 dispensationis
1060 1564 1385 1619 humanitatis
1396 1582 1580 1619 assum·

64 1654 201 1715 ptae‚
232 1643 359 1696 sicut
393 1641 474 1695 itte
521 1639 752 1696 dicebat?
782 1660 936 1713 quare
981 1659 1082 1696 non
1124 1643 1263 1710 dicit,
1305 1641 1383 1696 his
1410 1643 1575 1696 verbis

65 1719 284 1774 voluisse
328 1717 582 1772 Christum
606 1719 724 1773 dare
753 1720 895 1772 nobis
922 1718 1235 1790 exemplum,
1265 1729 1318 1771 ut
1348 1720 1395 1775 in
1420 1720 1584 1773 omni-

66 1796 158 1849 bus
200 1795 548 1866 praeferamus
595 1796 689 1850 Dei
746 1793 1092 1851 voluntatem?
1121 1797 1255 1865 quod
1283 1796 1485 1866 quidem
1509 1797 1582 1849 di-

67 1889 183 1926 cere
209 1889 311 1926 non
339 1873 602 1944 potuisset,
645 1873 737 1925 nisi
778 1871 1002 1926 Christus
1024 1872 1299 1926 humanam
1327 1871 1581 1926 habuisset

67 1949 406 2013 voluntatem,
436 1957 586 2020 quam
609 1949 853 2004 voluntati
875 1949 1038 2003 Patris
1059 1947 1411 2021 postponeret?
1425 1967 1581 2020 quare

65 2043 96 2080 e
135 2037 309 2081 contra
335 2026 558 2079 affirmat
581 2027 856 2081 recusative
880 2027 1014 2080 iilam
1042 2024 1296 2083 Christum
1322 2026 1580 2097 protulisse

68 2104 388 2173 sententiam,
430 2113 483 2155 ut
522 2102 708 2157 scilicet
737 2102 1187 2157 indicaretnuilam
1215 2121 1265 2157 se
1306 2102 1581 2156 humanam

70 2179 380 2234 voluntatem
398 2177 605 2246 habere,
623 2197 720 2249 qua
738 2178 1058 2236 moveretur?
1077 2183 1386 2251 Argumenta
1408 2181 1579 2248 igitur,

70 2257 250 2327 quibus
289 2255 494 2323 PauluS‚
535 2267 584 2309 et
629 2251 851 2327 idipsum
887 2257 947 2311 de
989 2258 1164 2326 Sergio
1193 2257 1374 2315 dicite,
1424 2257 1578 2308 utitur

72 2333 132 2385 ad
174 2333 484 2403 probandam
530 2333 668 2386 illam
712 2351 863 2387 unam
907 2333 1216 2388 voluntatem
1258 2333 1504 2404 passivam
1530 2334 1580 2386 in

72 2408 285 2470 Christo,
327 2427 479 2480 quam
507 2411 673 2481 specie
714 2422 856 2464 tenus
896 2412 1130 2478 admittit,
1173 2408 1423 2481 (voluntas
1444 2409 1580 2462 enim

73 2486 265 2556 passiva
308 2486 538 2541 voluntas
582 2486 716 2539 nulla
757 2487 846 2561 est)
888 2498 991 2541 tote
1038 2488 1178 2542 coelo
1200 2488 1379 2540 distant
1420 2487 1482 2538 ab
1506 2504 1583 2538 ar-

75 2563 348 2631 gumentis,
390 2564 569 2633 quibus
609 2581 761 2616 unam
804 2564 1112 2618 voluntatem
1161 2565 1366 2616 adstruit
1397 2564 1581 2616 Hono-

76 2639 198 2705 rius;
221 2639 367 2692 itaut
394 2641 514 2692 dum
541 2638 622 2692 hic
662 2658 816 2694 unam
857 2642 1172 2696 voluntatem
1196 2641 1397 2705 fatetur,
1446 2640 1581 2710 quod

78 2731 106 2768 a
144 2713 340 2769 Christo
382 2716 555 2769 vitiata
595 2728 771 2770 natura
814 2716 1034 2770 humana
1066 2727 1314 2787 assumpta
1358 2734 1458 2770 non
1498 2718 1583 2780 sit,

79 2800 126 2843 et
146 2792 357 2862 proinde
380 2809 542 2862 neque
567 2793 795 2847 voluntas
821 2811 949 2863 quae
972 2805 1273 2865 repugnaret
1305 2794 1398 2859 legi
1433 2812 1580 2846 men-

12 2887 14 2889 *
79 2867 158 2938 tis,
199 2880 248 2922 et
290 2869 871 2938 voluntati-divinaewx
910 2888 1010 2941 quo
1052 2871 1275 2941 sequitur
1306 2872 1354 2922 in
1387 2870 1583 2922 Christo
