1780 3038
189 238 273 308 rit‚
335 246 388 289 ut
439 252 500 289 ex
553 235 701 287 citato
743 231 794 283 S.
840 228 1049 283 Maximi
1113 224 1396 282 testimonio
1463 234 1690 299 apparet.

187 314 444 368 Honorius
491 312 652 380 itaque
707 308 845 377 prius
872 306 1130 374 negotium
1184 318 1299 356 cum
1359 305 1565 377 Synodo
1603 320 1693 357 sua

187 390 396 442 eontulit
427 425 443 454 ‚
496 398 543 439 et
595 384 807 452 acceptis
848 381 1074 435 omnium
1132 379 1387 435 sententiis
1436 418 1452 449 ‚
1511 380 1691 434 loanni

187 466 445 536 Sympono
467 463 555 515 sibi
582 461 629 512 in
652 458 870 529 epistolis
890 455 1163 509 scribendis
1190 455 1426 524 adiutori,
1449 475 1531 511 eas
1578 455 1696 508 lati—-

186 559 254 593 no
287 541 519 593 idiomate
548 535 821 590 exarandas
866 533 1069 585 dimisit.
1094 535 1158 584 At
1189 548 1252 584 ex
1279 531 1356 585 his
1396 533 1527 587 illico
1567 549 1697 586 con-

183 616 330 669 cludo
366 655 382 685 ,
442 631 543 667 non
610 628 750 682 posse
799 608 889 663 has
927 608 1160 680 epistolas
1187 618 1240 659 ut
1284 607 1562 664 haereticas
1589 619 1696 662 tra-

187 692 343 757 duci,
410 690 501 742 nisi
551 688 688 759 prius
734 686 1020 740 universam
1078 685 1366 739 Romanam
1433 686 1696 758 Synodum

182 778 232 820 et
300 767 545 820 Ioannem
607 764 928 835 Symponum
985 771 1039 813 ut
1087 758 1447 817 Monothelitas
1519 762 1696 817 tradu-

182 860 372 896 camus.
426 841 643 907 Quando
695 857 817 893 vero
866 836 1229 891 monothelitae
1257 838 1456 893 Romae
1503 838 1695 894 inventi

182 929 296 972 sunt
327 915 358 972 ἱ)
417 930 501 971 aut
548 917 663 988 quis
720 932 941 986 unquam
969 931 997 967 e
1036 914 1376 968 sacratissimis
1422 916 1544 971 viris
1583 916 1697 969 Ro-

185 1012 366 1048 manae
432 994 683 1048 Ecclesiae
762 989 1152 1045 Monothelismo
1227 991 1397 1047 favere
1465 992 1698 1047 inventus

183 1068 309 1125 est‘?
351 1072 530 1126 Nonne
585 1071 667 1124 vix
724 1069 860 1122 abuti
922 1066 1283 1121 Monothelitas
1346 1077 1734 1138 cognoverunt

184 1147 401 1202 Houorii
442 1146 694 1218 epistoliS,
736 1162 836 1216 quo
876 1146 1139 1215 proprium
1169 1145 1404 1199 novitatis
1429 1161 1696 1206 commen-

186 1233 295 1276 tum
360 1234 617 1277 tuerentur
646 1260 664 1291 ‚
715 1221 923 1276 omnino
964 1221 1034 1274 eis
1099 1220 1334 1275 obstitere
1364 1258 1380 1287 ‚
1442 1232 1548 1275 tum
1588 1221 1699 1275 aliis

189 1300 329 1353 factis
394 1309 442 1353 et
481 1300 625 1354 dictis
655 1336 673 1365 ‚
734 1308 841 1351 tum
881 1315 1056 1350 earum
1122 1315 1291 1351 sensus
1336 1298 1636 1369 exponendo
1663 1294 1696 1354 ⁶?

182 1377 297 1430 Non
362 1394 483 1450 ergo
551 1375 800 1430 haeretica
867 1374 1142 1428 intentione
1207 1392 1290 1428 eas
1366 1376 1682 1446 conscripse-

180 1463 339 1519 runt,
386 1453 469 1506 sed
509 1454 678 1506 animo
718 1452 866 1523 plane
924 1450 1193 1519 catholico;
1235 1468 1337 1506 non
1395 1469 1518 1523 ergo
1575 1468 1700 1505 sen-

182 1530 370 1582 tentiae
402 1566 419 1596 ,
484 1548 611 1601 quae
653 1529 701 1581 in
728 1526 1071 1599 suspicionem
1101 1529 1313 1582 veniunt
1342 1569 1359 1598 ‚
1388 1545 1535 1582 sensu
1575 1529 1696 1582 Mo-

183 1604 477 1659 nothelitico
537 1607 696 1659 dietae
752 1614 866 1658 sunt
897 1640 914 1671 ,
942 1605 1028 1658 sed
1086 1622 1146 1658 eo
1207 1621 1429 1676 prorsuS‚
1470 1622 1571 1676 quo
1600 1606 1697 1660 de-

183 1682 354 1752 inceps
413 1700 497 1736 eas
554 1698 875 1753 exposuere3
920 1698 1022 1734 non
1070 1698 1192 1752 ergo
1235 1682 1451 1736 Honorii
1504 1681 1698 1752 episto-

185 1758 264 1812 lae
305 1757 555 1812 haeresim
597 1757 1031 1813 monothelitieam
1076 1775 1251 1830 sapere
1313 1758 1410 1812 dici
1471 1766 1697 1831 possunt'3

185 1836 271 1888 sed
313 1834 618 1889 catholicam
665 1835 965 1888 doctrinam.

262 1909 499 1981 UlteriuS‚
539 1912 753 1966 loannes
780 1910 868 1964 lV.
902 1911 951 1963 in
982 1909 1361 1965 Reclamatione
1389 1910 1530 1965 Sedis
1550 1913 1696 1983 Apo-

182 1987 407 2053 stolicae,
438 2005 526 2042 seu
566 1988 816 2060 Apologia
843 2004 934 2058 pro
958 1988 1189 2041 Honorio
1218 1988 1458 2055 affirmat,
1518 2004 1695 2042 omnes

180 2063 531 2117 Occidentales
592 2076 756 2136 partes
814 2063 1048 2117 scandalo
1109 2064 1254 2118 luisse
1320 2064 1522 2117 assectas
1586 2076 1694 2118 tum

182 2151 390 2210 propter
435 2154 568 2194 nova
609 2142 843 2212 dogmata
879 2180 897 2210 ‚
938 2158 1067 2211 quae
1106 2139 1316 2193 Pirrhus
1363 2140 1694 2211 praedicat-eg

191 2227 296 2269 tum
342 2219 474 2285 quod
517 2217 578 2270 ad
622 2236 646 2270 α
676 2218 939 2288 proprium
979 2234 1178 2270 sensum
1231 2229 1431 2272 sanctae
1496 2235 1696 2272 memo-

182 2292 285 2345 riae
323 2292 608 2347 Honorium
657 2295 847 2364 Papam
889 2292 1139 2346 attrahere
1186 2292 1517 2347 festinaret.»
1562 2292 1695 2348 Uni-

183 2369 313 2422 versi
359 2370 512 2440 igitur
550 2370 885 2444 Occidentalis
926 2364 1182 2424 Ecclesiae
1217 2369 1451 2442 Episcopi
1493 2387 1520 2423 a
1560 2383 1696 2441 quo-
1779 2376 1780 2380 ’

182 2443 303 2497 libet
344 2462 516 2499 errore
561 2440 777 2500 Honorii
818 2446 1066 2518 epistolas*
1091 2446 1341 2500 immunes
1381 2445 1690 2515 iudicabant,

181 2536 297 2573 cum
340 2521 573 2575 scandalo
604 2522 1016 2593 percellerentur,
1045 2523 1177 2592 quod
1211 2521 1438 2594 Pyrrhus
1466 2522 1582 2576 l'alsa
1605 2543 1694 2578 ra-

181 2596 319 2650 tione
358 2615 444 2651 eas
482 2610 797 2668 exponeret3
838 2599 1094 2654 'neminem
1123 2599 1358 2670 deinceps
1383 2617 1411 2653 e
1432 2598 1692 2655 catholicis

185 2682 299 2726 ante
340 2673 484 2726 illum
525 2673 803 2729 haereticos
835 2679 1004 2729 sensus
1043 2674 1226 2728 harum
1247 2676 1572 2747 epistolarum
1599 2695 1690 2730 su-

184 2748 427 2820 spicatum
463 2767 566 2805 esse
605 2753 722 2808 satis
762 2752 1081 2808 manifestum
1122 2760 1195 2808 est
1234 2770 1296 2809 ex
1335 2752 1494 2808 citatis
1531 2752 1689 2809 Ioan-
