1780 3038
115 248 256 285 verso
283 223 622 282 Patriarehatu
645 222 979 277 Alexandrino
1021 235 1177 272 unum
1217 217 1606 280 labiumssfaetoffi

114 316 283 377 utpote
307 307 356 357 in
397 300 723 372 praedicanda
748 294 1136 352 Chalcedonensi
1167 294 1263 348 lide
1303 291 1608 348 concordes?

115 385 193 435 Ex
232 383 326 435 hoc
367 381 562 445 insuper
621 378 717 427 iam
770 374 1022 427 cessabant
1069 369 1442 424 haereticorum
1483 371 1607 424 insi-

115 460 246 523 diae,
287 454 606 509 dissensiones
647 453 695 503 in
745 450 985 512 Ecclesia,
1028 447 1318 499 animarum
1364 447 1608 516 pericula,

118 535 339 588 fidelium
379 529 681 582 seductiones
725 537 773 579 et
812 523 1066 589 seandala3
1091 533 1140 574 et
1178 523 1347 576 omnia
1378 523 1509 599 bona
1549 541 1612 576 ex

118 611 324 663 adverso
347 605 647 658 oriebantur.
680 603 756 654 Ex
785 600 860 653 his
900 600 1130 654 omnibus
1170 616 1311 664 vero,
1336 616 1463 669 quae
1498 618 1611 654 rna-

122 685 317 756 gnificis
357 681 478 733 adeo
520 679 682 733 verbis
721 677 983 741 extulerat,
1012 675 1131 744 quid
1173 675 1305 727 aliud
1359 676 1448 728 sibi
1491 676 1621 731 Ser-⁷

119 763 230 830 gius
275 756 603 829 proponebat,
646 754 735 806 nisi
791 764 844 806 ut
884 752 1179 805 retineretur
1229 751 1503 821 capitulum
1547 752 1614 805 il-

121 837 202 889 lud
244 835 352 887 vn.
379 851 406 884 a
437 832 567 902 Cyro
617 840 814 901 pactum
850 830 897 881 in
940 827 1266 880 satisfactione
1294 844 1410 880 cum
1450 829 1615 900 Euty-

123 911 314 965 chianis
338 909 397 961 de
418 926 515 960 una
539 907 587 960 in
609 905 802 958 Christo
825 901 1144 975 operatione‘?
1156 902 1300 956 Hanc
1332 916 1466 958 certe
1487 921 1619 958 con-

118 986 427 1057 sequentiam
470 985 569 1054 ipse
609 982 1004 1035 eidemHonorio
1031 981 1371 1034 deducendam
1411 980 1616 1035 dimittit

119 1065 239 1116 dum
288 1062 423 1125 dicit,
468 1059 796 1113 necessarium
829 1057 1103 1128 capitulum
1146 1057 1264 1109 illud
1319 1057 1519 1128 probari
1551 1058 1612 1111 ad

119 1137 515 1193 conservandam
554 1135 833 1188 mirabilem
886 1134 1021 1186 illam
1079 1134 1400 1187 concordiam
1445 1133 1616 1187 unita-

123 1226 323 1284 temque
347 1253 363 1282 ,
404 1231 532 1283 quae
571 1220 679 1266 tam
718 1209 836 1266 bene
873 1207 1052 1284 fuerat
1090 1206 1274 1284 effecta
1330 1217 1441 1264 tam
1473 1206 1616 1284 apud

116 1287 544 1346 Alexandrinam
592 1306 841 1360 magnam
883 1283 1166 1353 civitatem,
1202 1304 1457 1358 quamque
1513 1302 1609 1360 per

125 1365 395 1420 universas
432 1361 523 1418 sub
562 1381 620 1416 ea
638 1359 984 1436 provincias,
1025 1380 1154 1434 quae
1180 1361 1323 1417 nullo
1385 1371 1616 1436 tempore

119 1459 274 1513 usque
312 1441 372 1494 ad
426 1440 562 1493 illum
609 1441 740 1493 diem
806 1436 1190 1511 acquieverant.
1253 1440 1398 1493 Hanc
1436 1455 1618 1494 conse-

120 1518 373 1587 quentiam
414 1526 462 1570 et
503 1517 603 1586 ipse
649 1517 886 1586 deducit,
929 1514 1047 1568 dum
1086 1516 1248 1586 specle
1287 1516 1489 1587 quidem
1528 1533 1618 1571 ca·-

124 1593 336 1647 tholicae
395 1593 591 1645 unitatis
647 1592 1017 1647 conservandae
1057 1593 1248 1661 gratia‚-
1278 1611 1451 1664 reapse
1493 1607 1616 1648 vero

125 1668 338 1723 haeresis
378 1670 748 1740 promovendae
786 1669 944 1722 studio
973 1668 1237 1722 exclamat.
1271 1666 1487 1724 Durum
1518 1666 1617 1725 Ιιοσ

123 1742 374 1799 arbitrali
412 1764 590 1799 sumus
618 1786 633 1815 ‚
675 1754 732 1799 uc
770 1742 833 1800 de
871 1740 1059 1799 talibus
1098 1741 1425 1801 adimeretur
1462 1744 1612 1821 capi*-

125 1820 251 1875 tulis
268 1828 381 1894 post
400 1819 598 1895 factam
636 1819 920 1876 unitionem
944 1839 1047 1875 vox
1074 1819 1233 1875 unius
1272 1820 1613 1886 operationis.

206 1898 314 1961 Qua
354 1898 414 1950 de
454 1914 598 1951 causa
638 1899 827 1952 etiamsi
869 1898 928 1951 ad
971 1914 1144 1968 pacem
1188 1900 1236 1951 in
1277 1899 1498 1954 Ecclesia
1528 1916 1618 1954 ca-

128 1971 306 2027 tholica
337 2014 352 2044 ‚
392 1975 864 2045 conversionemque
904 1973 1267 2028 haereticorum
1307 1993 1618 2032 conservan-

130 2049 245 2102 dam
287 2050 366 2102 illa
407 2049 606 2119 Sergius
643 2052 806 2103 dicere
847 2051 1093 2117 videatur,
1137 2051 1258 2105 nulli
1287 2053 1494 2106 dubium
1523 2064 1616 2126 est,

128 2126 250 2194 quin
290 2144 347 2180 ea
388 2127 625 2197 proferat,
665 2144 763 2197 quo
804 2145 956 2181 unam
1009 2129 1351 2198 operationem
1390 2140 1617 2198 statuat,

128 2202 250 2254 duas
289 2220 406 2256 vero
453 2221 478 2256 a
520 2202 713 2257 Christo
755 2202 1031 2258 voluntates
1069 2214 1117 2257 et
1156 2207 1472 2276 operationes
1522 2207 1620 2261 eli-

131 2277 302 2330 minet.
334 2280 398 2331 Et
436 2279 543 2349 quis
582 2279 642 2332 de
681 2284 949 2333 sententiae
978 2278 1123 2333 huius
1171 2284 1378 2338 veritate
1417 2284 1628 2339 dubita--

130 2353 220 2418 bit,
262 2347 374 2407 cum
415 2357 580 2410 videat
619 2354 852 2426 Sergium
891 2355 1175 2426 Sophronio
1214 2360 1418 2430 quidem
1463 2361 1620 2416 silen-

132 2429 254 2481 tium
295 2431 530 2499 indicere,
571 2431 702 2501 Cyro
744 2451 862 2487 vero
903 2434 1189 2504 praecipere
1229 2446 1282 2489 ut
1310 2437 1359 2489 in
1389 2455 1620 2492 conven-

133 2514 181 2556 ta
218 2521 332 2557 cum
379 2506 636 2560 haereticis
673 2509 1005 2563 satisfactione
1046 2510 1371 2580 permaneat?
1399 2511 1483 2569 Ad
1501 2533 1621 2569 sae-

128 2597 190 2651 pe
210 2577 404 2636 dictum
427 2581 822 2640 Sanctisst'mum
850 2583 1211 2642 Alexandriae
1231 2587 1620 2646 Patriarcham

132 2652 469 2729 scripsimuS,
509 2668 567 2713 ut
601 2667 875 2734 postquam
913 2658 1169 2717 unitatem
1227 2684 1346 2720 cum
1385 2664 1490 2735 Ιιὶε,
1529 2665 1622 2738 qui

128 2728 336 2802 pridem
374 2732 774 2812 separabantur,
803 2737 914 2794 Deo
954 2735 1251 2797 auxiliante
1283 2741 1617 2817 composuit,
