1780 3038
121 282 319 345 pastore
349 290 510 344 neque
550 275 746 345 concipi
790 285 970 348 pot-est,
1013 276 1092 330 cui
1133 276 1196 331 de
1226 285 1390 332 cetero
1418 279 1621 333 Petrum

119 350 282 420 ipsum
325 358 575 420 pastorem
618 352 871 420 praefecit.
915 353 1012 418 Qui
1054 359 1224 408 autem
1265 353 1411 408 huius
1458 356 1624 426 gregis

117 443 239 480 oves
280 437 415 496 sunt,
459 426 549 479 nisi
586 426 880 498 Episcopi?
922 430 1154 501 Episcopi
1197 431 1350 500 igitur
1387 431 1493 485 sine
1521 433 1623 485 Pe·-

117 512 195 555 tro
236 502 543 556 considerari
588 520 688 556 non
731 516 958 574 possunt,
999 508 1116 576 quia
1157 517 1206 560 et
1247 507 1336 577 ipsi
1364 518 1477 561 sunt
1499 525 1624 577 grex

116 578 275 633 relate
315 581 375 633 ad
420 579 658 647 Petrum,
701 582 786 650 qui
830 600 856 635 a
897 581 1094 636 Christo
1142 585 1282 653 gregi
1325 601 1415 638 suo
1456 594 1625 655 pastor

113 657 294 709 unicus
335 655 617 727 praefectus
655 667 744 709 est.
778 658 1013 730 Episcopi
1047 672 1372 730 quapropter,
1416 667 1471 714 ut
1501 679 1623 732 gre-

110 749 233 801 gem
275 731 459 786 Christi
500 732 788 799 efformem,
842 752 1043 806 semper
1084 737 1266 790 debent
1304 737 1454 792 Petro
1494 755 1623 792 con-

113 809 281 880 iungi,
323 810 429 863 eius
470 826 648 863 vocem
690 811 867 864 audire
906 819 958 866 et
995 812 1155 881 sequi,
1198 829 1260 865 ne
1300 812 1337 865 si
1360 825 1639 883 spernant,

111 902 234 948 non.
259 887 475 957 amplius
514 903 723 957 gregem
767 905 924 941 unum
966 889 1287 958 constituant,
1329 906 1479 959 quem
1520 892 1623 945 Pe-

110 971 216 1016 trus
266 964 516 1016 moderari
582 963 804 1035 debeat,
846 974 895 1018 et
933 964 1142 1036 proinde
1200 965 1306 1018 eius
1357 966 1533 1021 officiis
1572 978 1622 1022 et

109 1055 229 1093 cura
271 1040 568 1110 priventur..
772 1106 774 1112 ,
963 1054 966 1056 “

183 1115 262 1170 Ex
309 1127 554 1188 conceptu
613 1116 779 1187 itaque
836 1117 1036 1184 domus,
1087 1116 1325 1185 familiae,
1367 1126 1414 1171 et
1454 1119 1620 1190 gregis

107 1194 300 1263 optime
341 1204 498 1264 patet,
556 1194 822 1265 episcopos
844 1212 946 1248 non
979 1192 1121 1264 posse
1149 1194 1431 1248 aRomano
1478 1197 1620 1249 Pon-

108 1270 240 1325 tifice
286 1288 508 1340 unquam
555 1272 819 1341 separari3
865 1272 1184 1343 proindeque*
1226 1272 1331 1325 sive
1377 1271 1620 1342 dispersos

105 1347 213 1400 sive
261 1347 309 1399 in
357 1347 581 1401 conciliis
621 1361 954 1419 congregatos
996 1365 1198 1419 semper
1221 1363 1337 1401 cum
1384 1348 1532 1402 Petro
1566 1355 1619 1403 et

105 1424 198 1478 sub
238 1424 388 1478 Petro
417 1442 523 1494 esse
551 1425 751 1479 debere.
1125 1419 1127 1421 ’

181 1498 322 1554 Haec
362 1501 565 1571 quidem
605 1518 667 1565 ex
706 1501 949 1572 scriptura
974 1500 1214 1555 breviter.

183 1578 328 1642 Quae
376 1588 544 1639 autem
586 1590 880 1647 argumenta
949 1595 1011 1632 ex
1075 1576 1293 1631 Historia
1353 1575 1462 1647 peti'
1510 1594 1612 1631 non

105 1667 311 1726 possunt
342 1656 404 1708 ad
438 1657 744 1723 sententiam
769 1651 900 1709 hanc
939 1650 1373 1724 confirmandam?
1434 1653 1616 1709 Nonne

106 1732 157 1784 in
199 1731 711 1803 Conciliisromnibqus
750 1729 1085 1801 oecumenicis
1115 1731 1235 1785 sides
1279 1727 1477 1805 semper
1515 1730 1612 1784 de-

103 1807 245 1861 finita
287 1809 380 1862 suit
440 1809 574 1872 iuxta
634 1804 897 1882 Romanae
935 1808 1187 1863 Ecclesiae
1240 1804 1611 1861 traditionem?

102 1883 286 1940 Nonne
325 1883 550 1940 Concilia
591 1887 717 1957 ipsa,
758 1887 937 1957 quibus
976 1886 1154 1956 Legati
1190 1885 1450 1938 Romanae
1474 1884 1613 1938 Sedis

103 1978 206 2015 non
249 1965 532 2037 praefuere,
582 1963 661 2018 vel
706 1961 961 2035 piaculum
1022 1973 1259 2034 putarunt
1300 1962 1610 2014 a‘sententia

103 2037 323 2095 Romani
371 2040 591 2112 episcopi
638 2042 892 2111 recedere,
923 2041 1000 2094 vel
1034 2039 1230 2093 nonnisi
1274 2038 1379 2092 eius
1417 2037 1610 2091 confir-

104 2118 328 2172 matione
367 2129 416 2171 et
456 2110 819 2189 approbatione
850 2118 1119 2186 mediante,
1162 2116 1224 2168 ab
1246 2114 1463 2167 Ecclesia
1492 2113 1610 2166 uni-

102 2209 247 2248 versa
287 2205 486 2267 recepta
526 2205 640 2248 sunt
682 2191 712 2247 ⁶?
753 2190 826 2268 (1)
867 2195 1050 2249 Nonne
1089 2190 1448 2246 nonnullorum
1470 2189 1610 2245 Con·

114 2390 118 2394 .
160 2352 197 2412 (1
232 2351 341 2401 Haec
372 2372 446 2415 ego
478 2327 672 2402 contendo
704 2357 753 2401 de
791 2358 876 2416 ipso
909 2355 1083 2401 Concilio
1105 2355 1257 2412 Cptano
1289 2352 1325 2398 1.
1359 2353 1397 2397 in
1430 2366 1507 2412 quo
1541 2353 1612 2396 al'⁴

100 2410 230 2465 firmo,
264 2416 380 2460 fidem
413 2418 609 2464 definitam
644 2418 759 2460 fuisse
791 2417 839 2460 ad
872 2430 1041 2460 normam
1075 2414 1328 2474 expositionis
1361 2412 1469 2461 fidei,
1494 2425 1609 2468 quam

21 2499 28 2506 ·
99 2471 293 2519 Damasus
312 2476 360 2520 ad
394 2475 592 2520 Paulinum
613 2476 901 2519 Antiochenam
933 2473 1169 2533 Episcopum
1196 2475 1374 2519 miserat.
1403 2478 1444 2515 et
1475 2469 1609 2514 Patres

102 2531 152 2575 ad
181 2534 400 2577 Concilium
431 2550 452 2579 a
483 2533 706 2579 Theodosio
739 2543 975 2578 convocatos
997 2534 1114 2577 fuisse
1147 2542 1188 2576 ut
1221 2532 1324 2575 illam
1362 2530 1481 2572 fidem
1506 2543 1606 2587 pro-

100 2589 242 2637 barent
271 2602 311 2637 et
343 2595 578 2652 reciperent.
626 2594 703 2638 Sed
741 2594 816 2638 hac
862 2593 911 2636 de
942 2607 984 2636 re
1015 2592 1232 2651 appositam
1264 2588 1609 2640 dissertationem,

16 2671 18 2673 ·
101 2651 135 2695 si
169 2650 253 2695 Deo
284 2653 495 2710 placuerit,
530 2653 660 2698 edam.

160 2710 331 2769 ldipsum
372 2713 567 2757 contendo
608 2713 657 2757 de
697 2712 781 2769 ipso
833 2709 1007 2755 Concilio
1058 2706 1105 2751 V.
1154 2707 1264 2751 cuius
1308 2706 1443 2751 Patres
1470 2718 1490 2747 a
1531 2701 1610 2748 vt·

101 2769 186 2826 gilii
215 2771 407 2814 sententia
439 2772 475 2814 in
509 2771 727 2815 damnanda
771 2770 946 2813 doctrina
981 2769 1095 2811 trium
1144 2766 1399 2825 capitulorum
1432 2778 1509 2806 non
1545 2778 1609 2807 re·

102 2837 331 2883 cesserunt5
379 2831 667 2875 damnationem
707 2837 834 2873 autem
876 2827 1118 2888 personalem
1143 2824 1402 2871 Theodorithi
1435 2830 1475 2867 ct
1514 2821 1609 2866 lbae
