1780 3038
10 2620 14 2631 ἢ,
1 2482 18 2597 ,ga-xp?-
2 2455 3 2458 Α

95 297 145 343 te
181 296 347 341 actum
388 298 459 342 est
499 288 547 342 in
588 289 812 345 Concilio
837 333 853 362 ‚
914 309 1029 345 cum
1071 310 1097 346 a
1138 292 1341 346 Graccis
1382 303 1432 344 ut
1472 288 1596 346 hae-'-

98 365 279 424 relicus
345 362 651 433 haberetur-3
715 378 861 438 atque
919 368 1036 421 hinc
1102 369 1207 422 eius
1275 369 1426 421 etiam
1487 371 1599 439 epi-

94 441 252 494 stolae
291 452 424 494 certe
469 441 622 495 lectae
662 455 776 496 sunt
811 481 827 509 ‚
869 461 983 496 cum
1023 463 1086 498 ex
1127 446 1183 498 iis
1224 446 1343 498 sides
1376 481 1391 510 ‚
1447 463 1597 515 quam

103 518 350 589 professus
391 518 569 588 suerat,
611 530 736 572 esset
778 520 1132 588 dignoscenda.
1189 522 1455 586 Quodnam
1499 522 1598 590 igi--

97 600 183 647 tur
223 593 461 648 iudicium
503 594 656 647 latum
696 592 800 648 est‘?
841 597 1085 650 Innocens
1125 616 1186 651 ne
1226 599 1315 651 soit
1373 597 1598 651 deciara-

100 680 176 724 tus
213 680 263 724 et
300 668 644 726 orthodoxus?
685 671 829 725 Unde
870 689 991 743 ergo
1031 673 1286 728 damnatio
1326 675 1430 727 eius
1471 675 1600 727 irre-

96 747 194 819 psit
234 746 282 799 in
322 748 529 818 epistola
557 748 809 819 Synodion
850 749 912 802 ad
953 749 1270 819 Agathonem
1311 750 1413 815 cui,
1439 763 1490 802 ut
1517 753 1600 803 di-

97 824 196 890 xi,
236 823 568 896 subscripsero
593 825 662 877 56
706 826 875 877 Patres
907 865 922 893 ‚
965 831 1016 878 et
1058 828 1105 878 in
1147 827 1437 879 definitione
1479 828 1595 879 fidei

95 900 176 954 cui
216 916 391 954 omnes
448 901 845 971 subscripserunt
881 897 912 953 ⁶?
957 902 1100 954 Unde
1142 901 1265 956 haec
1347 904 1600 957 danmatio

99 977 149 1029 in
191 977 425 1032 universo
465 977 670 1032 Oriente
701 988 750 1031 et
789 977 1059 1031 Occidente
1118 980 1425 1032 conciam-„ita
1468 992 1538 1033 est
1562 977 1593 1032 ζ)

98 1053 391 1107 Haereticos
450 1054 727 1109 declaratus
774 1053 864 1107 suit
891 1051 922 1108 ⁵?
962 1072 1083 1124 ergo
1124 1064 1174 1107 et
1214 1058 1594 1110 condemnatus.

99 1130 261 1201 Haec,
305 1131 530 1201 inquam,
572 1133 780 1184 omnino
825 1141 1240 1201 praetei·e0‚cuin
1280 1150 1341 1185 ex
1383 1132 1438 1184 iis
1477 1150 1604 1201 quae

97 1223 247 1279 supra
287 1207 534 1278 disputavi
574 1209 688 1262 satis
729 1219 899 1278 patere
941 1219 1131 1278 putem,
1171 1209 1603 1278 incorruptionem

97 1284 340 1338 Actorum
384 1282 467 1337 v1.
511 1284 700 1356 Synodi
745 1285 881 1340 nullo
922 1301 1062 1355 posse
1110 1296 1405 1355 ai'gun‘iento
1441 1302 1608 1354 expu-

98 1360 264 1430 gnari3
304 1372 450 1431 atque
490 1362 699 1432 proinde
739 1361 907 1416 oleum
947 1372 996 1414 et
1036 1377 1241 1432 operam
1265 1361 1471 1432 perdere
1492 1378 1605 1433 eos,

98 1438 187 1509 qui
228 1436 471 1491 eiusmodi
514 1438 737 1492 laborem
777 1439 1068 1508 suscipiunt.

176 1514 500 1568 Doctissitnus
538 1516 786 1569 Baronius
826 1526 991 1568 tamen
1032 1514 1407 1568 assirmat'Acta
1438 1514 1609 1585 Syno-

101 1589 151 1643 di
177 1590 259 1643 vl.
291 1603 526 1662 corrupta
561 1592 704 1646 fuisse
727 1610 754 1645 a
778 1591 1044 1645 Theodoro
1068 1590 1354 1644 Patriurcha
1383 1589 1604 1661 Cptono,

99 1667 184 1737 qui
207 1684 321 1720 cum
345 1669 408 1721 ob
431 1667 676 1722 haeresim
707 1669 1136 1722 monotheiiticam
1161 1680 1301 1720 antea
1333 1669 1607 1737 Episcopa-

103 1753 157 1798 tu
177 1744 393 1799 deiectus
430 1745 598 1815 suerit,
628 1753 822 1818 postea,
844 1746 1020 1801 emissa
1042 1745 1155 1798 fidei
1185 1744 1456 1797 catholicae
1488 1762 1611 1815 pro-

102 1821 332 1889 fessione,
373 1823 587 1895 eandem
627 1824 889 1894 receperit.
933 1824 1007 1876 Ita
1047 1823 1183 1875 enim
1213 1821 1373 1891 inquit
1411 1820 1472 1873 ad
1513 1839 1596 1872 au.

105 1898 208 1951 681
259 1917 285 1951 «
329 1899 478 1952 Hunc
520 1900 670 1970 igitur
696 1900 976 1954 restitutum
1032 1900 1081 1951 in
1124 1897 1384 1964 thronum,
1410 1914 1609 1950 summa

109 1992 136 2028 «ι
181 1992 347 2028 rerum
364 1976 1146 2050 potitum‚Synodiprototypum
1170 1982 1393 2042 nactum,
1425 1991 1611 2026 nomen

108 2071 135 2106 «
179 2068 324 2105 suum
364 2071 392 2106 e
431 2053 784 2108 damnatorum
826 2070 1035 2107 numero
1077 2051 1338 2117 delevisse,
1368 2050 1500 2120 quod
1525 2051 1608 2100 in-

110 2149 136 2182 «
183 2139 256 2182 ter
283 2147 368 2183 eos
391 2148 490 2184 non
516 2131 728 2200 legatur,
751 2131 1002 2184 affirmare
1027 2148 1220 2183 necesse
1242 2140 1332 2191 est,
1359 2126 1615 2178 neminem

110 2224 138 2259 «
182 2205 265 2275 qui
307 2205 430 2261 haec
469 2225 596 2280 quae
634 2218 747 2261 sunt
787 2207 915 2260 dicta
944 2207 1241 2271 consideret,
1293 2203 1480 2255 inlicias
1510 2203 1610 2252 itu-

115 2300 140 2333 «
188 2300 299 2335 rum
339 2295 482 2354 puto;
524 2301 639 2338 eum
686 2286 843 2355 igitur
883 2284 1132 2337 detectum
1204 2282 1290 2334 tibi
1331 2278 1613 2332 ostenderi-

116 2375 142 2410 «
190 2376 299 2412 mus
342 2361 689 2433 impostorem,
733 2360 885 2414 habes
913 2360 1062 2431 piane
1102 2359 1179 2412 cui
1224 2359 1478 2409 inventam
1521 2355 1612 2406 tri-

114 2454 141 2488 «
189 2435 309 2489 boas
368 2438 746 2509 iinposturam3
788 2448 840 2490 ut
881 2437 1161 2490 nuliatenus
1211 2434 1423 2495 dubim,
1476 2430 1611 2500 quod

115 2530 142 2565 «
186 2513 326 2566 cuius
366 2514 455 2567 suit
493 2532 554 2568 ex
593 2514 928 2586 Synodalibus
967 2514 1086 2566 actis
1124 2512 1195 2564 sui
1238 2507 1612 2562 damnationem

117 2607 143 2641 «
182 2589 398 2661 auferre,
441 2592 662 2645 eiusdem
703 2608 900 2661 quoque
942 2591 1030 2641 suit
1052 2588 1147 2642 alia
1174 2606 1261 2659 pro
1285 2586 1487 2637 arbitrio
1517 2584 1612 2635 ad-

117 2681 145 2716 «
190 2665 329 2736 dere3
370 2683 427 2722 uc
466 2669 675 2741 proinde
697 2670 780 2740 qui
805 2687 832 2723 e
860 2667 1207 2721 damnatorum
1231 2678 1438 2716 numero
1466 2676 1615 2713 suom

1364 2736 1459 2790 13*
