1780 3038
200 255 500 312 Flavianum
531 259 749 326 Epistola
779 264 931 329 edita,
972 276 1020 318 et
1058 266 1211 319 etiam
1236 265 1551 336 explicatior,
1577 286 1694 323 cum

195 335 436 389 sententia
477 334 529 386 S.
562 335 746 389 Leonis
773 338 1064 393 destituatur
1095 342 1339 397 vocabulo
1379 347 1695 416 operatrices

194 412 328 481 quod
393 411 600 464 omnino
667 411 910 467 haeresim
972 417 1405 472 Monotheliticam
1457 425 1688 477 conterit.

191 486 256 540 Et
296 498 462 541 tamen
505 487 640 540 nullo
669 488 889 543 instituto
918 492 1202 547 discrimine
1237 495 1365 548 inter
1389 496 1690 554 catholicam

190 575 241 620 et
278 561 707 626 monotheliticam
746 565 1045 633 doctrinam,
1089 569 1224 624 nullo
1265 574 1534 641 praemisso
1561 593 1690 628 exa-

193 641 350 708 mine,
393 640 627 712 nullaque
667 643 938 696 attentione
979 644 1197 698 adhibita
1230 686 1246 713 ‚
1289 649 1478 703 dictum
1515 663 1586 704 est
1625 654 1692 707 ab

191 717 550 772 Orientalibus:
597 736 622 770 α
667 717 1019 789 Cognitionem
1049 723 1350 792 accipientes
1374 726 1690 796 prolatorum

193 813 220 848 ι
266 795 410 848 nobis
448 813 475 848 a
517 794 738 866 Georgio
777 795 871 848 Dei
919 798 1379 870 aniabilidiaconO,
1424 813 1473 855 et
1515 803 1691 859 charto

193 891 219 927 α
267 869 480 943 phylace
504 869 650 926 huius
670 882 868 927 sanctae
891 890 1102 943 magnae
1123 875 1217 927 Dei
1242 876 1492 932 Ecclesiae
1531 879 1693 937 libro-

193 967 220 1000 α
268 965 382 1002 rum
422 959 570 1018 atque
609 948 919 1017 chartarum,
948 950 1052 1003 sive
1075 950 1288 1005 aliorum
1310 955 1687 1025 opusculorum,

193 1042 220 1077 α
266 1026 607 1095 comperimus
636 1027 685 1079 in
716 1042 868 1078 unam
890 1026 1215 1097 eamdemque
1241 1028 1541 1099 impietatem
1562 1050 1691 1088 con-

192 1119 218 1154 α
266 1118 489 1156 currere.
533 1101 597 1155 Et
620 1102 960 1175 praevidimus
987 1102 1248 1173 prophana
1271 1117 1319 1158 et.
1346 1107 1542 1161 animae
1567 1127 1690 1180 per-

188 1199 215 1232 a
262 1178 447 1232 niciosa
479 1215 497 1245 ,
552 1180 801 1248 *continuo
868 1179 932 1232 ob
994 1180 1268 1251 perfectum
1332 1185 1689 1243 exterminium

187 1275 213 1310 a
263 1254 380 1325 igne
412 1257 751 1319 concremari.

258 1334 322 1385 At
362 1331 518 1386 latum
559 1332 798 1387 iudicium
828 1341 986 1404 potest
1010 1350 1071 1386 ne
1100 1349 1320 1403 unquam
1344 1335 1439 1388 dici
1466 1335 1685 1395 iustum?

182 1418 344 1477 potest
385 1426 447 1464 ne
506 1409 747 1464 affirmari
840 1409 1082 1481 prodiisse
1122 1427 1149 1462 a
1191 1410 1419 1465 Patribus
1449 1448 1466 1478 ‚
1506 1415 1689 1483 quibus

180 1481 394 1555 Spiritus
429 1486 601 1541 Sancti
643 1486 813 1540 lumen
854 1483 1149 1558 affulgeret?
1178 1487 1416 1542 Doctrina
1439 1489 1683 1547 catholica

180 1577 297 1616 cum
337 1560 587 1626 haeretica
626 1561 990 1634 confunditur,
1030 1563 1083 1636 S.
1141 1563 1244 1617 Leo
1287 1581 1401 1619 cum
1455 1565 1632 1637 Sergio
1660 1606 1684 1636 ,

154 1636 337 1709 Cyro,
377 1650 427 1693 et
467 1640 624 1698 Paulo
666 1640 782 1710 igne
822 1641 1191 1707 concr'ematur3
1251 1652 1298 1693 et
1337 1640 1483 1712 haec,
1543 1644 1680 1697 adsi-

177 1722 339 1770 stente
376 1715 565 1786 Spiritu
604 1715 809 1786 Sancto,
852 1716 1041 1789 prolata
1064 1734 1167 1770 esse
1202 1734 1228 1769 a
1259 1718 1484 1774 Patribus
1505 1720 1681 1774 orien-

180 1790 360 1847 talibus
399 1789 658 1850 dicemus?
698 1794 857 1849 Absit.
900 1791 972 1868 (1)
1014 1793 1262 1865 Equidem
1301 1795 1410 1865 quis
1447 1797 1682 1868 excipere

234 1941 293 2001 (l)
324 1941 490 1988 Saeculo
521 1943 724 1991 Ecclesiae
761 1943 817 1990 lx
847 1953 1022 2005 putatum
1056 1944 1173 1989 l'uisse
1195 1959 1217 1989 a
1239 1944 1427 2004 pluribus,
1448 1944 1677 1991 damnatio-

175 2013 268 2045 nem
300 2011 436 2047 contra
468 2001 687 2049 Honorium
722 2005 837 2049 latam
872 2004 922 2048 ab
954 2003 1225 2050 Orientalibus
1257 2018 1333 2048 non
1358 2004 1524 2048 iustitiae
1546 2014 1586 2049 et
1609 2021 1676 2049 ve-

175 2059 306 2105 titan·
332 2076 480 2111 amore,
515 2062 583 2106 sed
616 2063 738 2108 livore
770 2072 810 2108 et
842 2062 1006 2112 invidia,
1041 2063 1213 2107 eruimus
1243 2078 1292 2106 ex
1334 2062 1547 2107 Hincmaro
1590 2065 1676 2108 Ar-

175 2117 427 2178 rhiepiscopo
458 2121 700 2174 Rbemensi,
749 2124 815 2180 qui
847 2122 885 2165 in
921 2122 1019 2165 libro
1051 2121 1100 2165 de
1131 2136 1209 2164 non
1244 2122 1342 2165 trina
1384 2121 1539 2165 Deitate
1575 2122 1676 2167 haec

173 2177 326 2222 scribit:
349 2178 466 2224 «Nec
501 2181 624 2225 sacra'
656 2182 821 2235 concilia
869 2189 1128 2239 pepercerunt
1172 2181 1367 2239 episcopis
1407 2181 1677 2231 nominatissie-

179 2249 326 2281 marum
359 2239 517 2284 Sedium
543 2273 553 2291 ‚
586 2240 778 2286 videlicet
809 2239 1124 2289 Alexandrinae,
1159 2239 1443 2291 Antiochenae,
1478 2237 1675 2284 Hieroso-

171 2292 398 2351 lymitanae.
433 2301 610 2357 Cptanae
635 2334 646 2352 ,
681 2298 956 2344 Nicomediae.
990 2299 1153 2356 Insuper
1183 2306 1222 2341 et
1252 2296 1464 2342 Honorium
1511 2313 1676 2355 magnae

170 2350 318 2399 Romae
351 2357 510 2415 Papam,
544 2358 633 2415 quia
665 2367 800 2403 contra
831 2357 947 2402 fidem
978 2357 1160 2407 sensisse,
1201 2363 1240 2400 et
1257 2371 1374 2414 prave
1409 2357 1674 2401 sentientibns

170 2417 416 2461 consensisse
447 2415 641 2467 detectus.
658 2416 1002 2462 etevidentissime
1021 2415 1297 2473 comprobatus
1308 2424 1381 2464 est.
1406 2415 1508 2459 sicut
1531 2415 1568 2459 in
1591 2420 1674 2461 Se-

170 2479 234 2515 xta
265 2473 425 2531 Synodo
456 2474 651 2519 invenitur
673 2511 683 2527 ,
739 2478 855 2520 etiam
889 2483 974 2533 post
1007 2482 1168 2517 ›non-tem
1200 2473 1627 2518 anathematizaverunt
1660 2508 1671 2526 ‚

170 2530 315 2583 inboc
347 2532 504 2577 saeculo
536 2534 778 2580 manifestata
811 2533 939 2590 culpa.
975 2532 1075 2576 iusto
1109 2530 1179 2575 Dei
1213 2532 1476 2575 concordante
1499 2533 1667 2585 indicio,

170 2590 275 2645 qnod
308 2591 386 2635 iam
419 2601 554 2647 egerat
584 2593 623 2636 in
655 2594 828 2637 occulto.
862 2591 960 2636 Nam
991 2591 1024 2634 si
1056 2590 1159 2634 idem
1182 2588 1377 2634 Honorius
1396 2589 1471 2634 hoc
1501 2590 1540 2634 in
1558 2606 1672 2649 prae·-

167 2648 271 2692 senti
301 2651 460 2695 saeculo
491 2664 568 2695 non
601 2652 809 2696 meruisset
833 2685 843 2701 ,
895 2659 935 2693 et
965 2664 1050 2692 cum
1083 2649 1168 2706 ipso
1200 2649 1338 2692 merito
1380 2663 1455 2692 nnn
1488 2651 1666 2701 exisset,

167 2706 243 2749 sibi
274 2709 405 2765 potius
435 2723 550 2767 quam
583 2708 638 2753 illi
669 2718 875 2759 nocerent,
911 2707 1157 2752 maledictum
1191 2707 1419 2757 iaculantes.
1455 2722 1531 2751 non
1569 2709 1669 2752 iudi-

168 2764 231 2813 cio
260 2765 428 2814 iustitiae
449 2803 462 2821 ‚
495 2767 565 2813 sed
595 2767 719 2815 livore
750 2768 814 2815 vel
845 2766 1076 2813 temeritate.
1106 2765 1334 2823 »Quorsum
1365 2781 1458 2811 vero
1488 2777 1669 2827 spectare
