1780 3038
194 179 275 235 tiri
301 176 333 233 ‘l
373 175 448 230 Ad
486 173 604 245 quid
644 171 756 224 inde
786 167 817 223 ⁶?
877 180 951 236 ut,
1012 183 1217 237 nempe,
1276 162 1368 217 sibi
1431 164 1691 218 infamiam

192 266 244 310 et
281 264 473 309 reatum
511 248 841 303 conscientiae
899 246 1254 315 acquirerent,
1295 242 1526 295 Honorio
1568 259 1691 296 vero

193 333 358 386 labem
399 321 732 381 haereticam?
774 323 1030 392 Siquidem
1070 321 1108 372 si
1163 318 1417 388 Epistolae
1475 319 1691 372 Honorii

193 427 222 462 a
263 402 604 462 Monothelitis
642 401 852 469 scriptae
892 408 1045 462 sunt,
1088 396 1149 448 ab
1211 393 1402 448 haeresi
1465 395 1691 448 excusari

193 501 296 538 non
337 489 556 553 possunt3
595 493 709 529 cum
749 474 994 528 sententia
1036 471 1180 524 haec:
1227 469 1400 526 Unam
1458 467 1697 546 fatemur

192 557 509 614 volantatem
547 548 771 606 Domini
808 546 976 604 nostri
1014 547 1133 603 Iesu
1180 543 1417 614 Christi3
1463 558 1512 602 et
1570 547 1696 601 haee

196 636 313 689 alia:
355 627 650 704 confitentes
688 623 985 681 Dominum
1013 622 1188 678 Iesum
1229 620 1500 678 Christum
1527 643 1697 679 uniam
1757 671 1759 673 ,

193 715 520 782 operatorem
575 701 784 759 divinae
842 709 991 771 atque
1049 697 1313 754 humanae
1351 709 1579 755 naturae
1619 696 1708 774 (ll

192 788 258 839 Et
296 784 419 837 haec
458 781 573 834 alia:
620 776 782 835 Unius
822 785 996 832 antem
1036 772 1380 849 operationis,
1420 775 1501 831 vel
1554 774 1696 832 dna-

193 879 317 917 rum
355 876 454 913 esse
492 854 570 910 vel
608 852 764 931 faisse
804 851 1149 908 mediatorem
1187 849 1293 906 Dei
1331 859 1378 906 et-
1416 850 1698 908 hominum

192 933 467 992 dominum
506 931 681 988 Iesum
739 928 1034 996 Christum,
1102 926 1291 983 sentire
1349 937 1396 984 et
1451 949 1698 1003 promere

192 1010 317 1068 satis
344 1009 574 1083 ineptum
613 1015 682 1062 est
724 1006 794 1082 (²2)
835 1007 952 1074 hae,
988 1008 1214 1076 inquam,
1244 1010 1523 1061 sententiae
1549 1024 1697 1061 sensu

193 1086 570 1144 monothelitico
598 1096 645 1139 et
673 1084 948 1139 intentione
990 1083 1196 1137 omnino
1226 1083 1386 1136 dictae
1413 1084 1512 1137 sint
1539 1101 1699 1155 opor-

195 1175 284 1236 tet,
325 1165 441 1235 quia
482 1179 584 1216 non
625 1161 723 1214 alio
765 1178 910 1214 sensu
950 1158 1313 1214 monothelitae
1352 1177 1436 1213 eas
1481 1162 1700 1232 scripse-

195 1252 333 1309 runt3
373 1257 469 1310 qua
509 1240 570 1293 de
611 1254 756 1292 causa
795 1240 833 1292 si
876 1238 1087 1291 absurda
1129 1236 1235 1302 illa,
1275 1253 1403 1306 quae
1426 1254 1574 1309 supra
1616 1255 1702 1292 re·-

194 1319 379 1372 censita
418 1325 553 1382 sunt,
595 1315 703 1385 quis
744 1314 988 1370 devorare
1017 1313 1158 1380 velit,
1199 1311 1297 1366 hoc
1326 1331 1484 1367 unum
1512 1315 1721 1386 pariter

196 1393 473 1448 necessario
496 1391 778 1458 concludetg,
819 1392 1061 1446 Ioannem
1102 1391 1318 1460 Papam,
1358 1397 1410 1444 et
1456 1392 1702 1446 loannem

195 1472 510 1542 Symponum
549 1467 857 1522 haereticum
879 1467 1163 1522 Honorium
1206 1466 1395 1532 secisse,
1445 1468 1566 1522 dum
1607 1468 1703 1524 de-

197 1547 399 1600 fendere
439 1544 641 1600 vellent.
686 1541 759 1618 (3)
799 1545 944 1599 Haec
983 1554 1149 1598 autem
1179 1544 1288 1614 quis
1317 1540 1625 1598 affirmabit?

270 1623 381 1687 Qua
420 1622 481 1675 de
520 1637 688 1690 causa,
733 1638 848 1674 cum
888 1622 1091 1676 Ioannis
1119 1620 1188 1672 IV
1220 1621 1561 1675 testimonium
1601 1620 1710 1677 talev

197 1699 279 1766 sit,
320 1705 379 1752 ut
415 1699 582 1770 sperni
623 1717 651 1752 a
690 1699 891 1753 nemine
932 1700 1086 1770 possit
1106 1698 1190 1769 qui
1212 1698 1454 1769 scepticus
1493 1715 1596 1754 non
1623 1699 1709 1767 sit3

198 1776 380 1830 talibus
418 1775 554 1828 enim
599 1775 981 1831 circumstantiis
1023 1785 1126 1828 tum
1156 1774 1275 1842 loci,
1300 1785 1408 1828 tum
1441 1776 1704 1848 temporiS‚

200 1859 308 1905 tum
355 1868 681 1921 personarum
741 1854 1054 1920 versabatur,
1095 1861 1150 1904 ut
1189 1853 1398 1906 omnino
1465 1870 1571 1906 rem
1611 1870 1722 1906 ex·-

200 1927 582 1999 ploratissimam
621 1928 896 1997 habuerit3
938 1939 1084 2000 atque
1124 1946 1216 1999 pro
1255 1946 1407 2000 scopo
1461 1930 1707 2000 insuper,

201 2021 349 2074 quem
377 2004 466 2056 sibi
494 2006 794 2075 praefixerat
836 2005 886 2058 in
926 2006 1174 2076 Apologia
1209 2005 1292 2058 illa
1321 2007 1709 2073 conscribenda,

201 2093 347 2150 atque
388 2098 478 2150 pro
518 2098 729 2151 persona
788 2099 939 2151 quam
1006 2083 1256 2153 gerebat,
1301 2083 1499 2136 mentiri
1542 2100 1709 2154 neque

206 2157 463 2227 voluerit,
506 2174 667 2228 neque
732 2159 995 2229 potuerit3
1036 2160 1074 2212 si
1117 2160 1466 2212 auctoritatem
1507 2159 1613 2212 eius
1655 2162 1710 2213 in

203 2233 410 2285 dubium
464 2251 779 2302 revocemus,
828 2246 973 2305 atque
1018 2237 1242 2289 dicamus
1291 2237 1450 2307 ipsum
1508 2236 1710 2291 illusum

204 2308 562 2381 deceptumque
601 2330 630 2366 a
669 2312 1012 2367 Monothelitis
1053 2313 1218 2381 fuisse,
1242 2330 1337 2384 ego
1361 2313 1527 2368 nescio
1575 2330 1715 2385 quo-

261 2458 319 2515 (1)
348 2458 424 2517 Ep.
459 2456 500 2505 1.

261 2518 317 2572 (2)
347 2517 473 2574 Epist.
508 2520 548 2563 2.

263 2577 318 2632 (3)
349 2574 458 2619 Haec
488 2579 772 2624 animadverSIO
804 2581 920 2625 etiam
951 2595 1021 2640 pro
1055 2582 1129 2627 illis
1173 2582 1317 2634 valeat,
1352 2582 1419 2639 qui
1452 2589 1654 2642 corruptas
1684 2596 1709 2627 a

206 2633 476 2678 Monothelitis
496 2635 694 2682 Honoriie
727 2640 1079 2694 istolasaifirmant;
1105 2643 1142 2686 hi
1158 2643 1263 2686 enim
1283 2642 1388 2687 viam
1407 2642 1604 2696 tutiorem,
1629 2641 1713 2687 imo

208 2705 341 2736 veram
374 2694 582 2741 occludunt
612 2697 661 2742 ad
733 2699 907 2743 onorium
932 2701 1236 2746 defendendum.
