1780 3038
241 260 530 336 perfectum
568 277 668 312 esse
706 255 762 310 in
802 252 1152 320 hmnanitate,
1198 270 1327 323 quae
1365 253 1471 307 sine
1497 263 1499 265 ’
1525 255 1740 326 propriis

247 339 490 391 attributis
529 335 742 406 perfecta
789 348 891 385 esse
952 348 1052 383 non
1093 325 1304 400 potest?
1344 342 1398 382 et
1458 330 1578 383 dum
1618 331 1737 384 dicit

245 431 402 466 unum
444 409 710 467 Christum
735 427 836 462 esse
875 402 1256 477 aquosccndum
1294 402 1351 459 in
1396 402 1598 460 duabus
1634 426 1738 461 na-

243 486 379 542 turis
403 525 419 554 ,
460 503 747 555 numquam
803 479 1006 537 sublata
1043 479 1348 555 differentia
1411 490 1736 537 naturarum

238 572 453 638 propter
506 559 793 615 unitionem
825 596 841 624 ,
896 555 1160 629 maqisqtte
1215 556 1365 611 salva
1419 556 1738 631 proprietate

239 636 507 708 utriusque
525 632 786 690 naturae?
809 634 1040 687 Profecto
1071 635 1118 685 in
1149 632 1226 686 his
1245 634 1436 687 duabus
1460 634 1734 688 sententiis:

240 726 448 783 utraque
507 712 686 765 Christi
754 722 929 764 natura
989 706 1307 764 indiminute
1357 707 1736 783 proprietatem

236 809 391 844 suam
432 785 701 855 custodit,
744 799 795 840 ut
854 785 1168 857 Sophronius
1207 787 1439 840 dicebat:
1481 795 1552 840 et:
1602 789 1735 840 utri-

238 883 393 936 usque
452 878 659 918 uaturae
699 864 864 917 Verbo
918 862 1180 933 copulatae
1230 860 1378 917 salva
1438 860 1735 936 proprietas

234 939 362 1016 fuit,
401 951 455 994 ut
495 941 778 994 affirmabat
817 940 1074 993 Honorius
1098 975 1115 1005 ,
1157 938 1490 993 differentiam
1529 940 1733 1010 quidem

238 1019 289 1070 in
323 1018 488 1071 verbis
526 1018 696 1083 video,
740 1017 790 1069 in
831 1034 885 1070 re
926 1033 1028 1070 non
1071 1015 1239 1082 vide03
1278 1016 1317 1068 si
1357 1015 1495 1069 enim
1546 1014 1733 1071 huma-

236 1094 443 1147 nitatem
484 1092 662 1147 Christi
707 1094 979 1163 perfectam
1019 1091 1101 1144 hic
1148 1109 1250 1145 non
1291 1091 1597 1161 agnovisset,
1638 1110 1730 1147 nee

236 1171 491 1225 affirmare
545 1170 784 1241 potuisset
841 1169 1200 1240 proprietatem
1266 1166 1414 1221 huius
1475 1167 1729 1237 salvam,

233 1265 320 1300 seu
364 1247 609 1316 integram
632 1263 734 1299 esse
775 1256 884 1317 post
908 1246 1209 1299 unitionem.
1251 1245 1367 1299 Non
1406 1245 1543 1298 enim
1584 1245 1756 1299 affir-r

234 1340 375 1376 mare
414 1323 573 1378 voluit
612 1324 863 1391 integram
902 1322 1047 1375 fuisse
1107 1319 1287 1374 Christi
1351 1331 1582 1375 naturam
1629 1320 1740 1388 hue

232 1416 438 1452 manam
477 1409 585 1470 post
642 1399 920 1452 unitionem
979 1398 1144 1469 quoad
1205 1404 1401 1470 partem
1467 1396 1729 1469 physicam

237 1476 582 1529 tantummodo
613 1512 631 1543 ,
671 1476 754 1528 sed
814 1475 1036 1546 profecto
1076 1475 1241 1545 quoad
1282 1473 1612 1546 proprietates
1649 1485 1730 1529 at-

232 1569 330 1622 que
369 1553 623 1619 attributa,
664 1553 770 1605 sine
809 1552 988 1622 quibus
1028 1550 1110 1604 illa
1151 1551 1213 1604 ad
1251 1550 1591 1605 conditionem
1632 1568 1729 1606 na-

231 1634 374 1681 turae
413 1628 691 1682 belluarum
732 1629 1002 1682 reducitur.
1045 1628 1109 1680 Et
1147 1621 1273 1681 haec
1311 1627 1514 1697 quidem
1553 1627 1729 1683 brevi-

201 1701 306 1757 ¹ter
343 1722 405 1758 ex
443 1706 606 1775 prima
644 1704 873 1776 epistola,
913 1715 963 1758 et
1000 1722 1062 1758 ex
1102 1704 1268 1759 verbis
1305 1704 1463 1757 citatis
1503 1715 1727 1760 tantum-

230 1781 404 1848 modo,
433 1798 497 1835 ne
535 1792 829 1852 argumenta
852 1798 1220 1852 praeoccupare
1245 1781 1432 1835 videar.-
1456 1780 1724 1845 Quodnam

229 1858 366 1911 enim
406 1858 612 1911 dubium
653 1859 713 1913 de
755 1857 1037 1911 huiusmodi
1080 1857 1287 1912 veritate
1332 1874 1587 1928 superesse
1626 1876 1727 1929 po·-

229 1933 391 2000 terit,
447 1935 484 1986 si
527 1934 727 1988 alterius
765 1934 1002 2007 epistolae
1044 1934 1319 1987 testimonia
1360 1934 1584 2003 legamus
1612 1975 1630 2006 ‚
1672 1935 1725 1989 in
1779 1949 1780 1961 ³

229 2011 409 2080 quibus
435 2010 692 2065 Honorius
720 2012 855 2064 iubet
876 2022 930 2064 ut
958 2026 1133 2064 omnes
1161 2010 1508 2080 profiteantur,
1557 2021 1725 2066 utras-
1755 2050 1759 2053 -

230 2105 256 2138 α
302 2103 398 2156 que
439 2097 639 2140 naturas
680 2088 730 2140 in
773 2105 874 2142 uno
916 2087 1112 2140 Christo
1160 2087 1347 2140 unitate
1386 2085 1599 2140 naturali
1628 2104 1722 2142 co-

229 2180 256 2213 «
302 2162 513 2233 pulataS‚
535 2180 652 2216 cum
676 2164 876 2217 alterius
897 2163 1252 2219 communione
1275 2174 1537 2233 operantes
1575 2173 1722 2235 atque

229 2256 255 2290 «
300 2240 621 2309 operatrices3
644 2251 693 2293 et
713 2241 938 2294 divinam
960 2240 1164 2311 quidem
1184 2257 1312 2309 quae
1338 2240 1432 2292 Dei
1453 2248 1568 2292 sunt
1593 2258 1722 2311 ope-

227 2334 254 2368 «
300 2327 515 2385 mntem,
557 2327 606 2370 et
634 2316 930 2388 humanam,
960 2334 1087 2387 quae
1125 2317 1289 2369 carnis
1312 2327 1426 2369 sunt
1462 2333 1721 2387 exequen-

227 2409 254 2443 ι(
300 2400 419 2460 tem3
460 2409 560 2445 non
589 2394 766 2464 divise,
790 2410 951 2463 neque
972 2392 1197 2458 confuse,
1226 2403 1310 2446 aut
1330 2392 1722 2447 convertibiliter

226 2488 252 2522 «
297 2467 391 2521 Dei
433 2480 662 2522 naturam
694 2471 743 2522 in
773 2469 1054 2535 hominem,
1079 2479 1126 2522 et
1154 2467 1428 2542 humanam
1470 2469 1520 2522 in
1551 2469 1717 2524 Deum

231 2562 256 2595 α
302 2559 597 2598 conversam
638 2546 920 2613 edocente53
972 2546 1054 2598 sed
1097 2545 1387 2598 naturarum
1415 2546 1719 2600 differentias

227 2637 252 2670 «
301 2619 515 2689 integras
554 2622 850 2675 confitentes
894 2618 924 2674 ‘2
972 2639 998 2673 »
1042 2623 1212 2675 Potest
1270 2639 1334 2675 ne
1393 2622 1608 2676 dubitari
1649 2640 1716 2677 an

154 2730 162 2738 .
222 2692 348 2748 haec
386 2698 446 2749 sit
488 2698 588 2767 ipsa
630 2716 754 2768 pura
794 2697 1213 2751 Chalcedonensis
1255 2698 1378 2752 fides
1404 2695 1435 2751 ⁶?

296 2772 374 2824 De
413 2779 580 2827 cetero
621 2774 733 2828 ideo
773 2774 1030 2829 Honorius
1059 2774 1257 2829 silentio
1287 2774 1584 2846 premendas
1609 2791 1716 2830 esse

221 2849 390 2902 statuit
432 2865 577 2905 voees
614 2850 720 2907 sive
761 2851 928 2922 uniuS,
956 2851 1062 2910 sive
1106 2851 1319 2907 duarum
1342 2851 1714 2924 operationum,
