1780 3038
725 195 801 206 ..-
840 168 912 221 55
952 195 1028 206 .-

127 256 182 313 ut
220 242 440 299 nascenti
483 241 616 296 malo
674 245 934 298 consulere
994 252 1156 314 posset
1211 238 1310 314 (li.
1354 244 1433 299 De
1474 255 1639 301 cetero

130 324 354 394 quaestio
398 320 480 373 illa
520 321 648 373 adeo
687 322 954 375 coniuncta
996 337 1112 373 cum
1154 321 1373 389 origine,
1414 324 1642 377 occasio-

107 418 216 467 ne,
259 410 308 454 et
335 396 623 451 auctoribus
644 407 771 458 erat,
814 410 867 451 ut
908 396 1090 469 horum
1133 396 1394 451 historiam
1437 398 1642 469 Sergius

133 475 533 548 praetermittere
557 492 658 526 non
687 476 921 545 potuerit.
967 474 1017 527 Si
1059 475 1196 527 enim
1237 475 1424 545 aliquid
1466 476 1644 530 decer-

128 571 250 607 nere
289 552 524 607 voluisset
563 552 821 605 Honorius
853 590 869 619 ‚
910 562 959 604 et
999 550 1059 605 ad
1103 563 1266 623 partes
1305 553 1643 607 discordantes

129 630 347 684 scribere
372 665 389 696 ‚
430 629 491 681 ad
532 646 657 698 quos
709 630 982 700 scripturus
1023 630 1189 682 suisset
1215 666 1231 695 ‚
1274 646 1389 682 cum
1432 631 1644 685 nesciret

108 707 336 776 ,quinam
379 706 508 759 inter
545 723 596 759 se
637 701 1011 760 decertarent?
1051 705 1300 759 Credibile
1339 723 1405 760 ne
1445 718 1563 775 est,
1612 725 1641 761 a

110 784 310 854 Sergio
351 782 628 853 expositam
668 784 1014 854 quaestionem
1057 782 1224 853 fuisse,
1266 794 1315 837 et
1356 801 1456 847 non
1482 802 1644 854 quao-

127 861 301 914 stionis
341 856 600 913 auctores?
641 862 706 912 At
747 861 956 930 ipsemet
995 860 1303 931 scripserat,
1356 861 1424 933 (id
1465 862 1643 915 saltem

127 937 319 990 Remus
359 937 636 1007 Episcopus
678 954 776 989 non
808 935 975 1007 negat)
1020 936 1297 1008 insurgenti
1329 937 1463 991 malo
1511 955 1641 992 con-

127 1014 394 1068 sulendum
433 1031 538 1066 esse
579 1013 762 1066 silentii
806 1014 1199 1084 praescriptione
1223 1031 1241 1082 3
1283 1015 1362 1067 cui
1405 1032 1528 1086 ergo
1569 1016 1642 1069 si-

130 1091 339 1145 lentium
381 1091 774 1161 praescripsisset
814 1091 1092 1158 Hon‹)riuS‚
1136 1092 1185 1145 ni
1214 1108 1300 1144 eos
1342 1102 1526 1159 nosset,
1555 1093 1641 1163 qui

117 1169 260 1223 *inter
299 1185 350 1220 se
390 1168 451 1220 de
491 1168 726 1236 dogmate
767 1167 1124 1221 decertabant?
1164 1169 1346 1222 Nonne
1387 1166 1472 1221 hic
1520 1170 1644 1222 Ser-

131 1246 272 1316 gium
297 1255 350 1297 ut
373 1243 674 1298 imbecillem
725 1244 1020 1297 traduxisset
1048 1244 1198 1306 talem
1225 1244 1488 1316 epistolam
1516 1246 1645 1299 scri-

107 1324 357 1394 bentem,
398 1338 461 1374 ex
501 1338 597 1392 qua
639 1320 707 1373 nil
733 1323 991 1392 percipere
1014 1333 1200 1394 posset,
1230 1332 1280 1376 et
1308 1322 1519 1393 perinde
1549 1341 1646 1376 ne·-

130 1417 228 1471 que
269 1397 400 1451 malo
429 1393 729 1452 occurrere?

206 1473 442 1529 Ulterius.
473 1474 717 1527 Timuisse
746 1474 981 1545 Sergium
1014 1493 1078 1529 ne
1108 1475 1170 1528 ab
1200 1475 1369 1546 aliquo
1399 1475 1498 1531 alio
1530 1476 1645 1531 Ho--

131 1553 304 1607 norius
343 1552 403 1605 de
444 1570 497 1606 re
538 1563 828 1605 moneretur
852 1589 868 1618 ‚
911 1554 1204 1622 praesertim
1241 1571 1268 1606 a
1310 1551 1600 1624 Sophronio
1627 1591 1643 1622 ‚

133 1647 285 1702 quem
315 1640 525 1684 noverat
545 1629 1019 1700 Hierosolymorum
1062 1630 1368 1701 Episcopum
1395 1641 1643 1698 creatum,

131 1707 242 1778 quis
281 1723 505 1777 unquam
544 1702 882 1760 dubitaverit?
927 1705 998 1780 (l)
1040 1709 1104 1759 At
1143 1724 1171 1760 e
1211 1717 1387 1761 contra
1430 1707 1645 1763 voluisse

128 1783 248 1851 sibi,
271 1783 430 1855 Cym,
470 1793 517 1836 et
558 1783 715 1837 errori
757 1800 847 1836 suo
887 1783 1172 1854 consulere,
1214 1784 1381 1838 nullus
1420 1801 1647 1855 unquam

133 1862 334 1934 pariter·
364 1861 416 1915 in
456 1859 667 1916 dubium
688 1860 964 1916 revocabit.
1008 1861 1201 1915 Debuit
1227 1877 1352 1933 ergo
1392 1861 1454 1916 de
1486 1861 1645 1934 Cyre,

193 2088 253 2148 (1)
283 2087 531 2134 patriarchae
562 2101 696 2133 omnes
727 2087 939 2133 orientales
969 2086 1060 2132 dum
1083 2088 1248 2133 alicuius
1279 2087 1453 2134 haeresis
1485 2096 1651 2138 exortae

136 2149 315 2193 notitiam
347 2148 394 2191 ad
419 2148 616 2193 Romanae
646 2147 758 2191 Sedis
789 2147 958 2191 tribunal
992 2149 1296 2201 trasmittebant,
1322 2149 1514 2205 originem
1535 2164 1648 2193 sem-

136 2219 223 2264 per,
259 2215 299 2252 et
328 2208 577 2251 occasionem
608 2207 781 2252 haeresis
813 2206 1082 2263 exponebant.
1118 2206 1315 2264 Legantur
1337 2206 1527 2265 epistolae
1559 2207 1650 2266 Cy·-

139 2266 215 2309 rilli
247 2266 296 2310 ad
329 2265 593 2311 Caelestinum
618 2266 669 2312 de
699 2272 834 2310 exorta
866 2264 1037 2309 Nestorii
1079 2265 1260 2319 haeresi;
1309 2272 1388 2309 tum
1427 2266 1517 2310 illae
1551 2266 1649 2309 Fla-

140 2323 248 2368 viani
278 2324 327 2369 ad
362 2327 406 2371 S.
429 2324 599 2371 Leonem
622 2329 725 2370 circa
755 2322 1044 2383 Eutychianum
1078 2323 1245 2383 dogma,
1280 2331 1324 2367 ut
1362 2324 1438 2368 alia
1470 2325 1650 2384 exempla

146 2391 406 2442 praeteream:
442 2391 482 2428 et
503 2385 669 2443 quisque
697 2398 778 2428 rem
810 2383 912 2427 hanc
953 2383 1162 2427 evidenter
1192 2391 1396 2441 agnoscet.

204 2441 261 2499 (1]
295 2442 514 2500 Siquidem,
548 2445 621 2488 etsi
655 2444 722 2487 illa
759 2442 936 2486 haeresis
964 2455 987 2483 a
1016 2442 1137 2485 variis
1170 2443 1282 2486 annis
1308 2449 1442 2486 exorta
1476 2441 1645 2496 suisset;

144 2507 276 2544 tamen
311 2501 408 2544 nihil
438 2516 610 2560 unquam
652 2503 701 2547 ad
725 2501 941 2546 Romanum
974 2501 1210 2544 Pontificem
1242 2501 1454 2559 scripserat
1471 2501 1646 2558 Sergius.

144 2559 201 2603 At
235 2559 364 2604 electo
404 2559 626 2619 Sophronio
659 2562 698 2605 in
744 2560 1010 2605 Patriarcham
1061 2557 1462 2618 Hierosolymitanum
1509 2559 1648 2603 timere

145 2631 217 2676 pro
248 2633 291 2662 re
321 2633 389 2662 sua
416 2620 561 2679 coepit;
595 2628 761 2664 noverat
801 2620 904 2663 enim
930 2620 979 2662 ab
1004 2633 1051 2662 eo
1066 2619 1294 2662 mittendam
1326 2632 1412 2662 esse
1443 2618 1649 2676 epistolam

148 2678 531 2721 communicatoriam
563 2679 614 2722 ad
642 2678 860 2723 Romanum
894 2677 1123 2722 Pontificem
1148 2692 1237 2721 cum
1271 2677 1362 2722 fidei
1387 2678 1647 2736 professione.

148 2733 280 2788 Quare
311 2743 356 2780 ut
378 2735 436 2781 illi
466 2737 690 2790 obsisteret,
725 2745 765 2791 et
797 2737 872 2782 sibi
900 2737 1136 2787 consuleret,
1160 2737 1226 2780 vix
1249 2735 1384 2783 nuntio
1416 2746 1579 2796 accepto
1602 2736 1651 2780 de

148 2794 358 2854 Sophronii
380 2795 590 2850 electione,
625 2796 675 2841 ad
699 2795 915 2842 Honorium
947 2795 1082 2841 literas
1113 2794 1236 2841 dedit.
