1780 3038
219 322 269 374 S.
314 323 563 374 Maximus
609 318 797 370 dubitat
851 318 911 370 de
959 320 1168 373 veritate
1215 313 1455 383 epistoiae
1503 314 1719 368 Honorii

216 398 276 450 ad
304 399 533 467 Sergium
589 413 750 464 neque
814 395 862 446 in
915 396 1132 462 Dialogo
1172 407 1288 444 cum
1317 389 1519 458 Pit-rho,
1551 409 1716 462 neque

219 475 266 525 in
321 473 414 526 hac
479 474 537 525 ad
590 472 842 522 Marinum
909 470 1135 541 epistola.
1213 467 1483 530 Quomodo
1550 480 1721 522 autem

217 550 322 602 fieri
371 549 585 620 potuer-it
616 584 632 610 ,
684 557 734 597 ut
785 546 948 599 nuilus
999 544 1394 617 suppositionem
1452 544 1602 597 suerit
1628 562 1720 597 su-

213 627 470 695 spicatus,
523 623 802 690 intelligere
864 640 964 675 non
1024 638 1249 693 possum.
1307 620 1526 674 Graecos
1580 621 1720 680 enim

213 702 272 752 ad
301 700 555 753 struendas
578 699 773 752 fraudes
797 700 1081 768 aptissimos
1103 698 1248 750 fuisse
1270 696 1323 748 S.
1355 696 1608 751 Maximus
1629 715 1720 752 no·-

212 788 351 830 verat
373 795 388 844 3
415 795 474 829 ex
495 776 592 830 hoc
625 787 788 828 autem
810 776 1024 846 suspicio
1058 773 1351 827 naturaliter·
1376 789 1427 825 se
1451 773 1558 827 eius
1581 792 1721 828 men-

212 854 243 904 ti
271 854 496 923 ingerere
544 853 713 906 debuit
751 852 1107 921 suppositionis
1134 850 1284 902 huius
1304 849 1562 919 epistoiae3
1585 852 1719 904 unde

210 947 331 998 ergo
375 929 502 982 hanc
541 929 879 999 suspicionem
920 928 1097 981 saitem
1139 944 1241 979 non
1284 926 1446 978 innuit
1474 927 1600 997 ipse,
1629 928 1717 999 qui

207 1004 445 1058 Pii-rhum
487 1012 541 1058 ut
581 1005 878 1058 mendacem
921 1004 1200 1074 redarguit,
1229 1003 1361 1073 quod
1387 1003 1717 1072 immutasset,

211 1092 264 1132 ut
305 1082 406 1151 ipse
465 1082 796 1134 arbitrabatur·
827 1120 843 1150 ‚
887 1099 1044 1135 unum
1087 1082 1137 1133 in
1178 1078 1385 1150 epistola
1447 1079 1608 1150 Ser-gii
1651 1081 1716 1136 ad

209 1157 492 1211 }·10n01·ium
535 1152 889 1211 vocabulum?
930 1160 1135 1229 quique,
1181 1165 1236 1210 ut
1281 1174 1342 1210 ex
1388 1154 1594 1210 inser-ius
1631 1158 1717 1211 di·-

207 1235 374 1286 cendis
396 1235 603 1305 patebit,
627 1235 844 1287 Graecos
865 1235 1015 1287 etiam
1038 1244 1257 1301 accusat,
1279 1232 1416 1304 quod
1437 1232 1559 1287 saiso
1585 1233 1718 1289 aiio-

209 1328 322 1363 rum
362 1312 488 1365 dicta
529 1307 890 1382 exponet-ent?
931 1312 1121 1380 Quare,
1165 1312 1372 1380 inquam
1397 1345 1415 1375 ‚
1457 1308 1589 1364 hanc
1626 1329 1718 1365 su-
1767 1346 1773 1348 —

210 1387 484 1457 spicionem
525 1405 626 1441 non
669 1388 830 1440 innuit
871 1388 996 1458 ipse,
1040 1407 1142 1443 non
1187 1387 1351 1441 innuit
1409 1384 1537 1441 alius
1573 1388 1717 1458 quis-

207 1481 357 1532 quam
397 1466 480 1534 qui
541 1476 655 1517 ante
695 1465 977 1518 Concilium
1020 1466 1107 1520 vl.
1155 1459 1336 1519 vixit?
1378 1480 1481 1519 non
1549 1463 1715 1521 innuit

204 1542 488 1595 Anastasius
549 1540 631 1594 iile
672 1542 824 1595 abbas
853 1581 871 1612 ‚
913 1542 975 1595 de
1015 1559 1115 1612 quo
1159 1542 1209 1596 in
1249 1541 1335 1594 cit.
1403 1541 1615 1613 epistola
1654 1542 1710 1596 S.

205 1615 454 1669 Maximus
492 1618 631 1670 dicit:
676 1615 964 1672 Certiorem
1004 1628 1180 1675 autem
1223 1613 1361 1672 mihi
1387 1616 1529 1673 hunc
1577 1618 1715 1691 (sen-

204 1692 331 1762 sum)
352 1689 471 1767 fecit
511 1689 792 1765 Presbyter
836 1692 1105 1750 Dominus
1132 1691 1371 1750 videlicet
1397 1692 1713 1750 Anastasius

203 1764 361 1822 abbas
386 1788 412 1823 e
434 1768 647 1825 Seniort'
672 1770 847 1827 Roma
891 1789 1152 1844 reversus,
1179 1770 1267 1826 vir
1286 1768 1479 1826 scilicet
1505 1768 1715 1827 incom-

202 1841 779 1918 parabilis,virtuteque
802 1844 987 1903 divina
1007 1856 1054 1903 et
1073 1845 1360 1922 prudentia
1380 1855 1710 1919 venustatuS,

201 1917 293 1989 qui
328 1940 559 1978 asserens
583 1963 600 1993 ‚
665 1921 805 1995 quod
868 1923 1097 1980 multum
1154 1944 1449 1980 sermonem
1487 1925 1715 1980 moverit

201 1992 274 2048 ad
317 1996 701 2054 sacratissimos
743 1998 886 2056 illius
911 1999 1169 2057 Ecclesiae
1193 2000 1338 2057 viros
1354 2008 1574 2076 propter
1599 1998 1714 2075 epi-

199 2071 411 2141 stolmn,
465 2095 597 2145 quac
654 2073 719 2130 ab
770 2096 827 2131 eo
886 2075 1067 2152 {iterat
1090 2076 1162 2134 ad
1208 2074 1712 2152 Serqz'umscripta‘?

201 2158 296 2202 etc.
340 2152 415 2205 Ex
457 2151 553 2205 hoc
599 2155 800 2224 insuper
842 2155 1128 2210 testimonio
1171 2162 1357 2226 patet,
1399 2155 1587 2226 pluries
1627 2155 1712 2208 in-

203 2234 277 2276 ter·
316 2243 367 2279 se
406 2227 681 2285 catholicos
723 2231 783 2283 de
823 2231 1037 2285 Honorii
1101 2233 1343 2302 epistolae
1382 2249 1528 2285 sensu
1581 2248 1712 2286 con-
1778 2258 1780 2271 ⁴

201 2300 384 2374 tulisse,
427 2304 610 2373 pluries
653 2317 827 2362 contra
893 2307 1251 2362 Monotheiitas
1317 2309 1424 2363 eius
1463 2306 1712 2363 orthodo-

200 2377 334 2431 xiam
374 2381 669 2447 defendisse,
714 2385 974 2438 universos
1014 2387 1279 2440 Romanae
1318 2385 1574 2456 Ecclesiae
1612 2384 1711 2438 Sa·-

198 2455 419 2509 cevdotes
457 2476 514 2510 ea
555 2460 616 2513 de
656 2478 709 2512 re
748 2472 1049 2529 commotos3
1079 2462 1278 2515 nullum
1311 2473 1479 2522 tamen
1502 2463 1710 2531 negasse

198 2528 623 2588 authenticitatem
667 2537 865 2589 iliarum
905 2538 1234 2607 epistolarum
1267 2557 1286 2607 3
1328 2539 1467 2609 quod
1503 2539 1709 2609 quidem

206 2604 494 2663 incredibile
525 2649 541 2679 ‚
603 2613 653 2664 in
695 2630 747 2666 re
789 2614 1081 2684 praesertim
1145 2621 1251 2669 tam
1315 2616 1503 2670 recenti
1546 2614 1707 2670 videri

198 2681 359 2735 debet.
402 2685 527 2739 Cum
568 2690 703 2741 enim
743 2689 804 2742 de
844 2690 942 2742 fide
983 2692 1150 2760 agitur·
1186 2732 1203 2762 ‚
1245 2702 1296 2747 et
1337 2691 1709 2763 praecipuefde

199 2756 296 2809 side
336 2760 551 2815 Romani
593 2765 866 2828 pontificis,
906 2766 1068 2819 solent
1109 2768 1245 2822 illico
1287 2768 1708 2837 ducumentain-

198 2834 349 2905 quiri,
389 2839 603 2895 conferri
643 2842 847 2914 scripta,
879 2842 1177 2917 interrogari
1201 2843 1455 2919 homineS,
1485 2845 1707 2919 quirem
