1780 3038
288 307 354 359 Ut
394 307 558 374 itaque
598 302 657 354 ad
700 302 915 372 primam
956 286 1300 351 difficultatem
1342 295 1696 367 respondeam,

201 382 313 435 dico
357 400 382 433 a
425 379 694 451 principi03
734 394 845 428 cam
884 374 1098 427 solutam
1137 389 1241 424 esse
1269 372 1392 442 Cap.
1429 372 1516 426 lv,
1548 372 1698 425 huius

197 456 572 522 dissertationis,
615 454 734 505 dum
777 451 1078 522 pertractavi
1109 458 1282 501 contra
1310 449 1531 502 Remum
1566 450 1699 522 Bar-

199 534 393 585 tholum
436 530 479 602 (a
521 548 619 599 quo
663 528 815 593 hanc,
858 538 904 578 et
932 538 1123 579 ceteras
1152 525 1470 579 difficultates
1499 526 1700 579 Mama-

195 609 336 660 chius
401 605 607 677 accepit)
647 605 707 656 de
751 604 1030 672 integritate
1091 601 1344 671 Epistulae
1410 603 1570 672 Sergii
1638 601 1700 654 ad

195 683 510 749 Honorium3
555 681 618 733 ibi
661 680 796 732 enim
839 677 1196 748 animadverti,
1238 695 1301 730 ex
1341 695 1440 731 una
1492 677 1701 750 per10do

192 771 241 811 et
268 759 469 829 quidem
534 757 693 826 prima
755 755 992 826 epistolae
1022 791 1039 822 9
1071 754 1120 805 in
1143 770 1239 824 qua
1307 753 1432 806 nihii
1458 753 1542 808 hic
1581 754 1704 807 dicit

193 837 254 889 de
318 835 579 890 contrariis
647 831 1040 897 voluntatibus,
1100 830 1334 883 concludi
1398 847 1500 885 non
1560 847 1704 902 posse

191 913 253 964 ad
320 928 487 963 sensus
554 910 603 961 in
677 909 907 962 universa
974 907 1180 979 epistola
1228 916 1507 962 contentos·
1569 907 1704 961 Hinc

191 987 564 1042 concedendum
658 1002 758 1038 non
825 994 897 1038 est
927 1021 943 1051 ‚
1012 982 1136 1036 nihil
1179 984 1229 1040 in
1295 984 1444 1038 citata
1492 983 1704 1053 epistola

188 1063 363 1117 haberi
439 1064 500 1116 de
574 1061 837 1115 contrariis
905 1059 1252 1116 voluntatibus
1301 1097 1319 1127 ,
1387 1070 1442 1113 ut
1500 1060 1704 1113 Mama-

195 1140 310 1195 hius
350 1139 594 1192 affirmat.
643 1135 717 1211 (1)
758 1137 1018 1208 Siquidem
1070 1153 1186 1190 cum
1236 1136 1703 1192 Honoriusscribit:

197 1237 222 1268 «
268 1217 396 1269 Nam
439 1215 516 1269 lex
559 1214 657 1267 alia
706 1215 755 1266 in
797 1214 1038 1267 memhris
1067 1250 1084 1280 ‚
1130 1222 1217 1268 aut
1263 1212 1494 1268 voluntas
1531 1212 1706 1268 diver-

194 1311 223 1345 «
268 1309 341 1358 sa,
367 1309 466 1345 non
490 1292 600 1354 fuit,
622 1290 701 1347 vel
731 1291 978 1343 contraria
1007 1290 1278 1358 Salvatori‚
1302 1289 1419 1361 quia
1457 1306 1608 1361 super
1627 1288 1706 1344 le·-

195 1388 223 1421 «
269 1386 383 1437 gem
406 1378 547 1421 natus
567 1378 638 1421 est
660 1366 911 1421 humanae
931 1367 1232 1422 conditionis
1247 1381 1296 1421 ».
1346 1366 1558 1438 Insuper
1581 1365 1705 1420 dum

194 1466 222 1497 α
269 1446 405 1498 dicit:
435 1461 460 1494 »
488 1444 549 1496 Et
572 1445 610 1497 si
651 1444 854 1514 quidem
873 1444 1113 1515 scriptum
1135 1457 1227 1499 est:
1253 1460 1357 1497 non
1389 1443 1505 1499 veni
1540 1442 1704 1497 facere

197 1539 224 1572 ε(
270 1521 578 1574 voluntatem
614 1538 800 1586 meam,
841 1521 926 1574 sed
966 1521 1073 1574 eius
1101 1522 1186 1592 qui
1219 1521 1353 1575 misit
1373 1537 1456 1574 me
1476 1519 1701 1574 Patris...

195 1618 222 1650 «
269 1614 370 1650 non
410 1609 521 1650 sunt
549 1596 672 1650 haec
694 1596 920 1651 diversae
944 1597 1246 1665 voluntatis,
1267 1597 1354 1652 sed
1373 1596 1707 1668 dispensatiof·

197 1691 223 1724 (ι
269 1675 343 1726 nis
382 1672 704 1727 humanitatis
748 1684 1051 1746 assumptae3
1091 1692 1117 1727 υ
1160 1675 1304 1740 dum,
1329 1673 1558 1744 inquam,
1581 1671 1707 1727 haec

194 1750 311 1803 dicit
352 1751 656 1822 HonoriuS,
707 1751 826 1821 quid
893 1751 1027 1804 aliud
1086 1751 1209 1805 dicit
1255 1750 1348 1804 nisi
1405 1751 1455 1803 in
1508 1748 1708 1805 Christo

194 1827 315 1879 duas
379 1827 661 1881 contrarias
726 1827 1006 1883 voluntates
1050 1844 1154 1882 non
1195 1824 1378 1882 fuisse?
1423 1825 1547 1882 Ideo
1585 1843 1707 1881 vero

189 1903 407 1956 'Ioannes
448 1903 534 1956 IV.
595 1903 727 1957 circa
782 1915 933 1976 caput
979 1905 1302 1960 voluntatum
1347 1903 1547 1970 insistit,
1571 1903 1708 1973 quod

193 1979 405 2032 Honorii
451 1980 639 2034 verbis:
689 1977 834 2035 Unde
892 2000 1058 2036 ‘tinam
1106 1980 1430 2037 voluntalem
1472 1976 1709 2055 fatemur
1779 2038 1780 2047 ἵ

191 2052 418 2109 Domini
456 2053 627 2110 nostri
652 2055 773 2111 Iesu
801 2054 1003 2112 Christi
1031 2050 1394 2113 Monothelitae
1434 2057 1708 2110 abuteren-
1778 2050 1780 2078 ³

195 2141 295 2196 tur3
338 2149 439 2185 non
497 2150 622 2187 vcro
670 2134 928 2187 vocabulis
974 2136 1122 2189 unius
1180 2133 1261 2190 vel
1303 2134 1519 2188 duarum
1580 2149 1709 2205 ope-

193 2209 488 2276 rationum3
546 2227 804 2280 nunquam
854 2212 991 2265 enim
1043 2211 1131 2266 ille
1179 2210 1489 2282 scripserat:
1533 2207 1710 2265 Unam

192 2282 550 2355 operationem
602 2283 839 2360 fatemur
885 2284 1113 2343 Domini
1157 2284 1329 2343 nostri
1371 2284 1491 2341 Iesu
1545 2280 1709 2341 Chri-

193 2358 276 2413 sti.
373 2362 697 2416 Manifestum
756 2372 828 2416 est.
906 2375 1074 2418 autem
1108 2401 1125 2432 ‚
1193 2381 1221 2417 a
1268 2363 1528 2418 defensore
1580 2379 1710 2435 pur-

194 2437 301 2504 gari
353 2455 498 2490 reum
542 2456 569 2492 a
598 2440 918 2508 criminibus,
965 2441 1030 2494 de
1076 2441 1258 2511 quibus
1300 2449 1581 2507 accusatur,
1604 2456 1707 2493 non

196 2513 259 2564 ab
305 2513 384 2579 iis,
432 2515 496 2568 de
536 2517 714 2585 quibus
759 2516 894 2569 nulia
955 2517 1018 2569 ab
1071 2516 1441 2571 accusatoribus
1484 2516 1708 2587 quaestio

196 2599 446 2643 movetur.
514 2589 635 2648 Ideo
676 2610 799 2649 vero
856 2593 1115 2648 Honorius
1161 2593 1212 2647 in
1252 2610 1340 2648 sua
1389 2591 1598 2666 epistola
1643 2592 1708 2647 ab

256 2737 315 2794 (1)
345 2737 444 2784 Cum
476 2750 604 2785 autem
635 2742 734 2787 nihil
784 2743 940 2801 legatur
988 2743 1140 2797 cotum,
1188 2758 1290 2802 quae
1319 2744 1370 2788 ab
1404 2741 1545 2802 Sergio
1585 2742 1706 2788 fuisse

199 2792 380 2840 Honorio
429 2801 627 2858 proposita
658 2801 828 2847 loannes
856 2803 1007 2848 scribit:
1042 2803 1153 2849 Tom.
1188 2805 1256 2859 cit.
1291 2816 1382 2864 pag.
1417 2802 1499 2847 83.
