1780 3038
77 241 204 318 p'ria
242 252 510 317 operantes
547 252 698 315 atque
735 241 1050 316 operatrices
1069 243 1130 297 sit
1153 243 1278 314 ipsas
1306 242 1426 296 duas
1450 260 1575 314 ope-

82 321 298 373 rationes
337 321 582 391 profiteri3
630 331 679 373 at
717 321 965 373 diversam
995 320 1146 374 fidem
1174 338 1290 372 eum
1320 320 1584 374 tradidisse

84 396 134 448 in
175 396 336 466 prima
377 396 584 467 epistoia
628 413 779 449 nemo
848 409 980 450 certe
1039 397 1287 467 probabit.
1333 396 1383 446 Si
1428 396 1579 466 igitur

82 471 236 525 altera
276 473 382 525 eius
421 472 628 544 epistola
668 471 911 526 catholica
960 474 1290 543 undequaque
1332 482 1424 538 est,
1481 490 1578 542 qua

80 549 275 602 ratione
315 548 375 600 de
415 548 607 603 haeresi
651 549 834 619 poterit
879 549 1039 619 prima
1084 550 1294 602 incusari
1328 587 1345 615 ,
1387 551 1437 600 in
1479 567 1575 619 qua

82 625 292 678 eandem
334 625 486 679 fidem
527 626 786 696 profitetur
810 621 839 678 ‘t'
880 626 1091 680 observo
1132 626 1334 693 demum
1366 661 1383 691 ‚
1423 625 1581 678 silen-

84 701 206 756 tium
233 701 402 771 utique
444 702 676 755 indixisse
698 702 943 756 vocabulo
968 702 1180 755 duarum
1203 703 1579 773 operationum,

79 777 165 831 sed
205 780 673 844 ne‚recrudesceret
712 779 971 849 consopita
1016 777 1237 832 haeresis
1276 779 1579 846 nestoriana3

81 854 207 914 sicut
245 863 295 906 et
332 855 479 908 unius
519 854 821 926 operationis
864 870 1040 907 vocem
1084 856 1369 925 abrogavit,
1412 873 1474 907 ne
1520 874 1576 908 ea

78 928 381 1000 Eutychiani
405 932 729 985 abuterentur
756 931 816 983 ad
852 931 1205 984 adstruendam
1247 948 1400 984 unam
1428 930 1581 984 Chri-

78 1006 137 1059 sti
179 1017 450 1075 naturam3
494 1008 680 1062 interea
743 1007 900 1061 voluit
938 1023 1113 1061 ornnes
1154 1007 1375 1077 profiteri
1430 1008 1581 1061 sidem

79 1080 537 1137 Chalcedonensem
573 1102 589 1150 3
632 1100 754 1153 ergo
795 1084 855 1136 de
897 1094 1073 1137 natura
1139 1083 1318 1136 Christi
1361 1082 1582 1138 humana

78 1158 281 1228 eiusque
309 1161 683 1230 operationibus
704 1158 980 1213 orthodoxe
1002 1176 1202 1231 semper
1231 1161 1381 1215 sensit
1402 1161 1584 1214 Hono-

81 1235 185 1288 rius
211 1252 327 1289 cum
349 1237 580 1290 Patribus
619 1235 1121 1290 Chalcedonensibus.

151 1311 287 1366 Hinc
344 1313 414 1366 nil
475 1314 709 1378 mirum,
767 1312 805 1365 si
866 1321 1044 1384 spreta·
1095 1312 1403 1384 professione
1468 1313 1583 1367 fidei

80 1403 232 1458 quam
293 1389 496 1460 Sergius
555 1391 834 1456 emiserat,
899 1388 1107 1443 minime
1174 1389 1304 1442 dicat
1367 1407 1419 1443 se
1481 1391 1588 1443 eius

80 1465 304 1519 assentiri
345 1466 583 1537 epistolae
620 1465 784 1537 quoad
824 1465 1204 1535 dogmata‚,sed
1246 1466 1455 1538 probato
1495 1485 1586 1520 oe-

79 1542 341 1596 conomico
397 1543 615 1614 silentio,
675 1559 791 1597 eum
814 1541 1106 1595 adhortatur
1127 1543 1188 1596 ad
1220 1539 1586 1596 assentiendum

79 1617 218 1684 fidei,
261 1635 410 1688 quam
452 1620 555 1690 ipse
594 1618 851 1691 proponit:
896 1638 921 1673 (t
965 1617 1108 1673 Haec
1159 1615 1426 1673 nobiscum
1464 1616 1587 1694 fra-

83 1711 110 1746 «
154 1692 374 1750 ter-nitas
410 1703 583 1751 vestra
621 1692 926 1769 praedicet,
966 1691 1099 1749 sic-ut
1125 1702 1170 1749 et
1208 1715 1303 1750 nos
1341 1714 1400 1749 ea
1438 1693 1588 1750 vobi-

83 1791 110 1826 «
153 1789 299 1825 scum
339 1768 668 1827 unanimiter
705 1768 1093 1845 praedicamus,
1150 1767 1418 1826 hortantes
1454 1791 1546 1826 vos
1569 1810 1586 1838 ‚

83 1864 111 1900 tt
154 1854 213 1901 ut
250 1846 409 1904 unius
446 1852 523 1903 vel
561 1844 797 1922 qeminae
836 1844 1156 1921 operationis
1178 1846 1453 1902 inductum
1492 1850 1588 1903 vo-v

84 1941 111 1976 α
156 1919 396 1979 cabulttm
424 1923 766 2010 aufuqimztw,
794 1943 961 1978 ‘tticum
1002 1920 1268 1979 nobiscum
1293 1922 1590 1979 Dominum

84 2017 110 2052 α
154 1997 329 2055 Iesum
370 1998 639 2057 Cltrtstum
676 1999 854 2078 filium
891 1998 995 2054 Dei
1032 1998 1157 2068 vivi,
1196 2002 1372 2056 Deum
1424 1999 1591 2056 veris-

84 2096 111 2131 «
154 2073 370 2146 simum,
412 2075 469 2132 in
526 2074 732 2134 duabus
757 2075 983 2134 :naturis
1022 2085 1295 2150 operatum
1335 2075 1590 2132 divinitus

85 2170 111 2205 «
155 2160 202 2206 et
223 2150 668 2230 ltumartit113,fide
694 2150 993 2211 orthodoxa
1017 2163 1167 2224 atque
1187 2152 1384 2210 unitate
1410 2152 1591 2209 catlto-

86 2247 111 2280 «
157 2227 258 2283 lica
311 2229 623 2303 praedicetis
667 2251 692 2285 »
735 2230 876 2295 Quae
915 2230 1139 2284 definitio
1201 2232 1313 2285 fidei
1371 2241 1420 2285 et
1466 2249 1491 2282 a
1533 2232 1586 2284 S.

82 2305 253 2360 Leone
293 2308 504 2379 Magno,
545 2318 594 2361 et
633 2325 661 2361 a
707 2307 913 2378 Synodo
975 2306 1366 2363 Chalcedonensi
1415 2319 1589 2361 eontra

81 2379 426 2454 Eutychianos
464 2395 513 2438 et
550 2386 873 2439 Nestorianos
913 2384 1087 2436 tradita
1132 2386 1239 2437 suit.

41 2526 45 2527 ⁷
156 2458 344 2514 Verum
384 2462 561 2532 aliquis
599 2460 681 2516 hic
741 2463 996 2529 insurgere
1035 2472 1206 2514 contra
1266 2478 1347 2514 me
1389 2469 1590 2531 potest,

85 2544 134 2588 et
172 2536 356 2590 dicere:
401 2539 450 2591 Si
495 2538 645 2591 tidem
687 2539 749 2591 ab
792 2538 872 2590 ilia
899 2536 1060 2605 Sergii
1103 2537 1350 2590 diversam
1395 2539 1442 2589 in
1494 2538 1593 2590 suis

83 2611 301 2681 epistolis
341 2614 597 2668 Honorius
638 2615 867 2685 exposuit
903 2653 919 2683 ‚
982 2630 1136 2682 quare
1178 2614 1317 2667 illum
1358 2630 1459 2667 non
1498 2614 1593 2666 da-

2 2685 16 2768 s
86 2690 276 2744 mnavit
300 2691 364 2744 ob
387 2689 659 2759 haeresim,
696 2707 846 2760 quam
896 2690 1182 2760 profitetur,
1206 2690 1285 2745 vel
1314 2706 1467 2759 quare
1492 2690 1593 2743 sal-

2 2769 7 2823 ἶ,
85 2773 185 2818 tem
226 2783 327 2821 non
367 2763 670 2839 corripuit?
713 2768 843 2821 Huic
887 2766 1172 2820 difficultati
1218 2766 1363 2838 plene
1403 2766 1596 2821 satisfa-
