1780 3038
196 322 271 371 sc,
311 314 416 359 tum
455 302 588 376 quod
645 299 852 356 Pirrhus
910 317 1043 354 nova
1083 295 1329 368 quaedam
1355 332 1372 362 ‚
1413 305 1463 350 et
1502 303 1704 368 praeter

196 382 313 436 fidei
354 381 578 451 reguiam
617 378 947 450 praedicaret,
990 386 1094 427 tum
1133 374 1267 443 quod
1307 374 1524 428 Honorii
1586 375 1707 444 cpi-

195 457 374 511 stolam
414 457 630 528 primam
670 454 733 506 ad
775 450 1212 505 monotheiiticum
1242 467 1472 503 errorem
1511 451 1705 504 confir-

195 534 435 586 mandum
475 530 760 584 adduceret.
805 529 941 598 Ergo
983 543 1157 580 omnes
1196 525 1543 580 Occidentaies
1581 543 1706 598 par-

195 619 267 663 tes
305 616 546 662 noverant
575 642 592 673 ,
648 615 698 658 et
755 605 1040 658 Honorium
1100 601 1237 655 iiiam
1288 603 1538 673 scripsisse
1589 603 1706 674 epi-

194 684 372 738 stolam
396 720 412 750 ,
452 693 502 736 et
543 683 608 735 ita
647 699 760 734 eam
799 679 1050 751 scripsisse
1074 714 1090 743 ,
1132 688 1186 731 ut
1233 697 1260 732 a
1320 679 1704 734 Monotheiitica

193 761 438 832 pravitate
476 767 600 813 esset
639 775 840 828 prorsus
900 755 1155 808 immunis.
1219 755 1489 820 Quomodo
1551 757 1707 826 igitur

195 852 458 908 possumus
495 834 835 906 Epistoiarum
875 831 1089 886 Honorii
1130 832 1497 901 genuinitatem
1529 832 1705 903 impu-

192 929 371 981 gnare,
412 928 526 964 cum
567 910 697 964 hanc
738 926 911 964 omnes
937 908 1208 962 occidentis
1236 908 1474 980 Episcopi
1505 909 1706 962 fatean-

194 999 353 1041 turco
376 997 623 1058 tempore,
652 1004 752 1057 quo
782 986 971 1040 nedum
1000 984 1337 1040 recentissima
1367 997 1474 1039 erat
1502 986 1618 1039 facti
1648 994 1700 1039 et

110 1064 113 1068 '
194 1064 408 1118 Honorii
449 1064 712 1131 memoria3
751 1063 835 1116 sed
875 1073 924 1116 et
964 1061 1032 1114 iiii
1076 1062 1337 1129 vivebant,
1371 1063 1456 1132 qui
1498 1068 1549 1115 et
1587 1061 1706 1115 iite-

194 1157 275 1194 ras
311 1140 632 1212 scripserant,
674 1149 723 1193 et
762 1140 968 1210 scriptas
1007 1138 1069 1190 ab
1110 1137 1342 1193 Honorio
1383 1140 1530 1192 fuisse
1568 1147 1706 1192 certe

191 1213 463 1270 sciebant?
503 1216 733 1270 Profecto
774 1217 825 1269 in
865 1234 919 1269 re
958 1225 1059 1268 tam
1088 1216 1298 1283 recenti,
1328 1233 1424 1286 ego
1458 1216 1704 1269 nescirem

192 1310 292 1364 quo
332 1293 538 1364 nomine
576 1291 818 1346 Ioannem
857 1292 965 1346 lv.
1008 1290 1284 1363 appellare,
1325 1293 1409 1364 qui
1449 1308 1565 1347 cum
1604 1289 1704 1363 po·-

192 1369 383 1431 tuisset‚
427 1369 528 1423 imo
569 1369 817 1423 debuisset
874 1386 965 1440 pro
1024 1366 1294 1422 christiana
1354 1367 1705 1439 catholicaque

193 1446 517 1515 conscientia,
557 1455 606 1498 et
646 1464 738 1517 pro
778 1446 1056 1500 reverentia
1089 1461 1208 1514 erga
1247 1463 1365 1500 suos
1403 1447 1704 1518 praedeces-

191 1538 326 1575 sores
365 1523 573 1575 omnino
615 1539 821 1592 negare,
862 1523 986 1576 tales
1014 1524 1075 1575 ab
1102 1523 1333 1577 Honorio
1363 1524 1427 1577 ad
1467 1522 1703 1592 Sergium

191 1598 328 1651 datas
366 1597 616 1668 epistolas;
645 1600 766 1668 quin
800 1599 848 1651 id
873 1600 1152 1669 negaverit,
1186 1617 1362 1654 earum
1389 1616 1589 1654 sensum
1615 1616 1704 1652 so·-

193 1673 449 1727 lummodo
503 1674 742 1746 defendit,
792 1675 1083 1731 advocando
1127 1677 1176 1731 in
1223 1686 1397 1730 testem
1451 1671 1706 1746 interpre-

192 1750 389 1803 tationis
414 1767 530 1804 suae
567 1751 808 1804 Ioannem
829 1753 1144 1823 Symponum
1176 1790 1193 1820 ,
1234 1754 1375 1807 cuius
1394 1754 1594 1807 dextera
1617 1770 1707 1806 us·-

192 1843 250 1880 us
270 1826 523 1880 Honorius
549 1825 708 1881 fuerat
736 1829 785 1880 in
826 1829 920 1882 iilis
945 1831 1332 1884 conscribendis.
1377 1834 1444 1885 At
1462 1829 1705 1886 decuisset

193 1919 258 1955 ne
299 1902 347 1955 id
387 1904 675 1957 Romanum
715 1906 1036 1977 Pontificem,
1079 1907 1180 1962 imo
1221 1907 1412 1961 fecisset
1440 1926 1502 1961 ne
1543 1902 1704 1960 Ioan-

192 1994 281 2032 nes
319 1978 406 2031 lv.
450 1980 488 2031 si
529 1979 702 2035 saitem
742 1983 977 2052 potuisset
1015 1984 1255 2055 suspicari
1296 2002 1400 2050 eaS,
1433 2001 1562 2055 quae
1588 1983 1704 2037 Ho-

193 2055 338 2108 norio
383 2055 748 2131 tribuebantur,
790 2055 1066 2129 EpistolaS,
1100 2079 1128 2115 a
1168 2060 1517 2115 Monotheiitis
1555 2060 1704 2114 fuisse

194 2129 508 2202 suppositas?
546 2133 726 2187 Nonne
766 2134 981 2189 Honorii
1044 2138 1366 2192 innocentiae
1430 2148 1480 2192 et
1539 2138 1705 2192 famae

194 2207 435 2261 intulisset
474 2221 856 2278 nocumentum,
897 2228 1014 2266 cum
1054 2213 1422 2269 Monotheiitae
1475 2216 1706 2286 pertina-

193 2298 275 2336 ces
311 2301 414 2337 esse
451 2301 649 2356 semper
688 2288 980 2360 potuissent,
1022 2300 1075 2343 ut
1113 2293 1174 2345 de
1214 2292 1343 2346 iacto
1384 2291 1607 2359 suerunt,
1651 2290 1703 2346 in

195 2359 503 2415 defendendo
542 2378 687 2415 sensu
728 2364 1105 2421 monotheiitico
1164 2368 1492 2440 epistolarum
1532 2369 1640 2422 eius
1669 2363 1706 2423 *ἲ

196 2445 343 2505 atque
388 2438 623 2507 suspicari
677 2449 727 2493 et
772 2441 958 2509 dicere,
1008 2461 1036 2496 a
1086 2445 1333 2498 Romanis
1371 2446 1705 2499 Pontificibus

196 2510 478 2566 Honorium
518 2515 714 2568 defendi
750 2554 768 2583 ,
809 2535 913 2571 non
954 2520 1086 2589 quod
1131 2522 1394 2589 innocenS,
1435 2522 1521 2577 sed
1567 2523 1702 2594 quod

197 2598 246 2638 et
286 2588 388 2658 ipse
428 2589 712 2644 Romanam
753 2595 921 2648 sedem
970 2598 1175 2665 rexerit3
1213 2598 1378 2653 solere
1420 2616 1544 2653 vero
1591 2599 1705 2654 col-

196 2661 331 2731 legas
387 2664 630 2735 collegam
689 2686 781 2739 pro
805 2671 992 2725 viribus
1038 2673 1321 2729 defendere.
1356 2671 1386 2728 ⁶?
1415 2675 1703 2740 Quamnam

198 2738 350 2806 igitur
381 2741 679 2812 Apologiam
723 2762 814 2815 pro
855 2748 1085 2802 Honorio
1133 2751 1407 2821 scripsisset
1454 2752 1741 2806 Ioannes‘l.

194 2812 441 2870 Pessimus
495 2829 626 2874 certe
673 2820 839 2876 suisset
893 2824 1107 2880 Honorii
1150 2827 1381 2883 defensor
1426 2840 1476 2883 et
1520 2829 1704 2902 apolo-
