1780 3038
690 206 765 226 --
813 175 917 238 ¹55
957 212 1032 223 ——
1123 247 1126 250 p
1200 248 1203 251 ,
1539 245 1542 249 .
1605 243 1609 247 ,

105 259 155 314 in
186 255 274 314 'his
305 256 430 313 'nihil
476 258 724 315 invenisse
762 261 896 332 quod
939 262 1024 313 uni
1067 259 1348 332 operationi
1402 258 1618 327 faverem

104 338 182 390 sin
224 337 388 390 minus
428 337 565 389 enim
606 339 863 408 quomodo
907 337 1054 390 huius
1106 337 1513 407 praetermisisset
1542 350 1621 391 te-

102 414 335 467 stimonia
365 413 568 483 afferre,
595 431 722 484 quae
745 414 950 468 maioris
973 413 1182 467 luissent
1205 415 1445 485 ponderis
1466 432 1618 485 quam

104 491 387 544 testimonia
426 490 611 559 Sergii,
653 502 702 543 et
740 502 1093 546 sexcentorum
1128 488 1618 545 Monothelitarum‘?

103 566 169 620 Ut
228 567 381 637 igitur
420 579 774 636 argumentum
817 568 1122 622 conficiam:
1168 567 1261 622 vet
1317 568 1506 639 aliquid
1547 579 1622 622 est

103 643 155 696 in
197 641 273 697 his
312 643 532 716 epistolis
573 644 704 698 circa
748 644 929 699 Christi
971 645 1292 716 operationes
1332 645 1467 716 quod
1509 646 1620 699 Mo-

104 719 362 775 nolhelitis
403 721 589 787 faveat,
625 721 705 776 vel
736 739 859 790 non3
879 722 918 776 si
946 723 1189 793 primum,
1220 739 1378 792 quare
1400 722 1619 776 Honorii

97 801 340 852 sententia
380 807 429 852 et
468 798 634 851 verbis
698 799 835 852 abusi
898 816 1000 852 non
1040 810 1154 852 sunt
1184 794 1215 852 ἶ)
1263 799 1302 852 si
1345 800 1566 852 alterum
1599 836 1617 867 ,

99 875 356 946 quomodo
396 873 692 928 calumniari
734 893 852 930 eum
892 885 1098 948 possunt
1139 876 1276 946 quod
1307 892 1462 930 unam
1490 893 1625 948 ope-¹

102 951 353 1006 rationem
393 948 677 1006 docuerit?

172 1030 237 1081 At
276 1029 397 1082 duas
438 1029 487 1081 in
529 1028 727 1082 Christo
767 1028 1085 1100 operationes
1112 1027 1387 1099 admisisse,
1419 1028 1611 1083 nedum

100 1122 165 1160 ex
205 1104 362 1160 altera
403 1107 512 1159 eius
550 1106 781 1177 epistola,
822 1105 910 1159 sed
951 1106 1103 1160 etiam
1145 1106 1308 1177 prima
1339 1106 1622 1160 luculenter

98 1182 366 1237 evincitur.
430 1183 700 1253 Postquam
759 1182 897 1236 enim
956 1183 1137 1236 dixerit
1195 1182 1453 1237 Christum
1508 1201 1616 1237 esse

96 1270 417 1330 operatorem
456 1259 712 1330 utriusque
755 1270 984 1313 naturae:
1026 1277 1156 1313 nam
1177 1256 1302 1329 (μιία
1345 1257 1617 1314 Dominus

95 1334 241 1392 Iesus
264 1333 504 1391 Christus
549 1331 655 1409 ipse
698 1332 763 1390 sit
802 1354 941 1390 unas
986 1343 1033 1390 ct
1087 1332 1227 1390 idem
1270 1354 1499 1409 operans
1523 1333 1616 1390 di·-

95 1409 225 1467 υἰηα
269 1419 317 1466 et
363 1409 621 1480 Ιιωηιαηας
652 1410 740 1465 has
781 1413 910 1484 ipsas
961 1411 1115 1465 Verbi
1158 1412 1478 1484 operationes
1520 1413 1618 1467 tri-

96 1489 205 1543 buit
245 1490 454 1559 naturis,
498 1489 685 1543 dicens:
733 1484 926 1544 Utrum
954 1496 1129 1545 atatem
1178 1497 1400 1574 propter
1450 1509 1614 1563 ope-ra

93 1563 399 1621 divinitat-is
444 1573 489 1620 et
518 1562 891 1637 lttmtanitati3‚
917 1584 1027 1621 una
1050 1585 1121 1620 an
1148 1585 1389 1639 qemmae
1421 1585 1618 1640 opera-

95 1640 262 1698 tiones
281 1639 497 1698 debeant
522 1639 793 1699 derivatae
812 1639 942 1714 dici,
966 1640 1045 1697 vel
1071 1640 1294 1716 intelle‘qi
1322 1652 1413 1699 etc.
1445 1645 1619 1709 Quae-

93 1720 189 1774 stio
231 1721 383 1792 igitur
448 1736 551 1774 non
593 1731 754 1792 potest
795 1720 843 1774 in
904 1738 965 1774 eo
1009 1720 1196 1774 versari
1239 1738 1304 1773 an
1359 1721 1619 1776 admiserit

95 1797 221 1850 duas
260 1797 599 1869 operationes3
643 1797 689 1851 id
731 1797 869 1851 enim
898 1815 961 1851 ex
989 1798 1139 1851 citato
1183 1798 1472 1851 testimonio
1500 1798 1618 1852 evi-

94 1874 384 1928 dentissime
441 1884 691 1946 apparet3
751 1875 837 1928 sed
880 1891 943 1928 an
985 1875 1305 1945 operationes
1367 1873 1619 1928 humanas

95 1951 222 2005 adeo
281 1950 502 2024 passivas
557 1952 854 2022 censuerit,
895 1962 949 2004 ut
989 1951 1140 2005 Verbi
1184 1952 1394 2023 quidem
1464 1951 1618 2005 suerit

95 2045 270 2099 agere,
313 2027 566 2082 humanae
607 2045 727 2083 vero
769 2038 976 2082 naturae
1017 2028 1150 2100 pati,
1192 2040 1245 2081 ut
1279 2028 1620 2082 contendebat

96 2105 350 2175 Sergiu53
395 2103 494 2159 hoc
550 2105 690 2159 enim
732 2105 782 2158 in
822 2122 939 2158 casu
1003 2105 1170 2176 specie
1212 2106 1420 2176 quidem
1453 2141 1470 2171 ‚
1513 2122 1618 2159 non

96 2199 271 2253 reapse
311 2183 433 2236 duas
472 2182 791 2254 operationes
832 2182 1180 2253 praedicasset.
1212 2185 1277 2236 At
1313 2199 1434 2235 eum
1476 2182 1617 2235 arbi-

96 2268 282 2312 tratum
321 2260 640 2330 operationes
679 2257 927 2313 humanas
966 2258 1150 2313 Christi
1185 2277 1212 2312 a
1244 2269 1419 2312 natura
1449 2259 1614 2313 activa

93 2337 408 2407 processisse,
452 2337 675 2407 primum
714 2353 776 2390 ex
819 2336 936 2408 ipsis
965 2337 1135 2391 verbis
1160 2337 1473 2405 demonstro,
1496 2336 1615 2406 qui-

93 2413 186 2467 bus
227 2412 334 2466 illas
374 2423 522 2467 vocat
560 2431 722 2487 opera
779 2409 1086 2468 divinitalis
1126 2421 1174 2467 et
1217 2409 1616 2479 ltmnanitatis5

91 2490 348 2561 quomodo
408 2491 547 2544 enim
610 2490 863 2543 humanae
932 2489 1126 2542 Christi
1193 2501 1402 2543 naturae
1461 2506 1616 2560 opera

92 2567 318 2620 tribuere
384 2564 667 2636 potuisset,
721 2567 759 2621 si
821 2566 1082 2622 activitate
1130 2583 1217 2619 sua
1279 2583 1391 2619 eam
1441 2573 1635 2636 putas-²

90 2649 167 2698 set
230 2641 551 2698 destitutam?
618 2643 894 2698 nullimode
958 2643 1096 2697 enim
1165 2643 1446 2696 subiectum
1516 2660 1612 2695 ra-

91 2719 277 2776 tionale
316 2731 553 2791 operatur
577 2757 594 2789 ,
634 2721 756 2774 dum
797 2721 993 2792 passive
1034 2720 1383 2774 tantummodo
1425 2719 1486 2772 ad
1531 2719 1612 2772 al-

91 2798 242 2856 terius
283 2797 533 2853 actionem
573 2815 623 2857 sc
666 2797 862 2865 habet3
928 2791 1026 2870 qua
1068 2797 1129 2852 ‹le
1172 2813 1323 2853 causa
1367 2796 1488 2851 dum
1532 2796 1615 2850 illa
