1780 3038
186 255 217 291 ss

189 332 216 365 ί(

187 409 213 443 ((

186 485 213 519 ((

186 561 214 594 ((

186 637 214 671 ((

185 709 213 744 ((

184 787 212 822 ((

184 861 212 896 ί(

261 233 458 288 noviter
504 232 840 286 introductum
898 246 959 284 ex
1002 227 1371 299 praedicatione
1427 224 1542 280 fidei
1585 227 1699 282 exi··

261 321 442 364 matur.
484 310 615 362 Nam
655 309 738 378 qui
780 307 904 359 haec
951 306 1143 369 dicunt,
1174 305 1291 373 quid
1322 303 1457 356 aliud
1500 305 1590 356 nisi
1624 306 1699 356 iu-

258 400 341 439 xta
387 386 532 438 unius
578 385 656 439 vel
698 384 931 453 geminae
981 392 1187 433 naturae
1239 379 1420 433 Christi
1462 381 1556 433 Dei
1599 399 1698 434 vo-

258 462 512 526 cabulum,
556 461 620 512 ita
668 472 716 512 et
763 458 1107 528 operationem
1138 457 1395 510 unamve!
1438 457 1696 526 geminam

258 532 604 607 suspicantur?
645 536 807 606 Super
845 534 979 604 quod
1019 533 1152 586 clara
1201 543 1314 585 sunt
1341 533 1513 588 divina
1556 535 1699 587 testi-

258 615 445 667 monia.
491 611 649 679 Unius
688 622 854 664 autem
895 610 1203 680 operationis
1243 609 1323 663 vel
1352 610 1567 662 duarum
1590 628 1696 664 esse

259 689 338 745 vel
378 689 522 742 fuisse
582 688 909 740 mediatorem
968 686 1063 739 Dei
1105 696 1154 739 et
1193 684 1461 738 hominum
1509 687 1696 740 Domi-

257 783 379 818 num
400 765 564 818 Iesum
590 763 866 830 Christum,
895 763 1077 817 sentire
1099 772 1147 816 et
1169 779 1404 833 promere
1437 763 1552 816 satis
1581 764 1696 818 ine-

255 853 397 912 ptum
435 851 570 894 est...

254 914 422 972 Habet
460 924 635 971 autem
696 924 742 972 et
802 913 946 970 cirea
1004 910 1171 988 finem
1236 912 1418 969 eadem
1475 912 1694 989 epistola

180 990 298 1048 sic:
345 1012 370 1047 α
416 994 480 1047 Et
518 994 721 1064 quidem
780 1003 1024 1064 quantum
1066 993 1128 1045 ad
1173 992 1513 1044 instruendam
1556 994 1694 1046 noti-

183 1088 212 1124 «

182 1166 211 1203 G(

181 1319 210 1355 (ἶ

183 1394 212 1430 (ἶ

181 1470 211 1505 (t

183 1546 211 1582 C(

182 1621 209 1658 ss

181 1698 209 1735 (ῐ

181 1775 209 1811 ί(

181 1849 209 1886 (ί

180 1929 208 1964 ((

257 1070 376 1124 tiam
424 1072 810 1140 ambigentium,
864 1069 1202 1123 sanctissimae
1252 1068 1547 1122 fraternitati
1597 1087 1695 1124 ve-

254 1157 404 1215 strae,
444 1164 535 1218 per
573 1166 685 1202 eam
729 1146 1083 1200 insinuandam
1124 1145 1492 1216 praevidimus·

332 1225 385 1277 2.
434 1241 460 1276 «
505 1223 737 1279 Ceterum
778 1235 1022 1293 quantum
1062 1222 1124 1274 ad
1165 1223 1348 1291 dogma
1390 1220 1696 1275 ecciesiasti-

254 1315 369 1353 cum
411 1302 646 1372 pertinet,
689 1318 817 1371 quae
857 1310 1025 1353 tenere
1066 1297 1147 1353 vel
1196 1299 1487 1368 praedicare
1531 1298 1692 1353 debe-

257 1394 366 1429 mus
406 1389 613 1447 propter
651 1377 1023 1447 simplicitatem
1063 1374 1358 1440 hominum,
1401 1385 1451 1428 et
1499 1391 1692 1446 ampu-

256 1453 429 1506 tandas
471 1454 837 1507 inextricabiles
875 1452 1225 1523 quaestionum
1254 1453 1513 1522 ambage8‚
1562 1452 1690 1508 sicut

254 1530 480 1600 superius
519 1530 756 1597 diximus,
800 1547 902 1583 non
944 1546 1098 1581 unam
1138 1528 1218 1582 vel
1260 1529 1384 1582 duas
1431 1529 1690 1599 operatio-

255 1622 343 1659 nes
383 1607 432 1659 in
475 1607 750 1660 mediatore
790 1606 883 1659 Dei
926 1616 975 1660 et
1021 1604 1287 1658 hominum
1329 1604 1560 1673 definire3
1600 1606 1689 1661 sed

252 1689 502 1753 utrasque
541 1690 764 1737 naturas
802 1679 860 1737 in
898 1701 1004 1737 uno
1047 1678 1256 1736 Christo
1283 1679 1485 1736 unitate
1522 1689 1688 1738 natu-

254 1757 362 1814 rali
402 1763 674 1833 copulatas
712 1777 832 1813 cum
872 1755 1092 1814 alterius
1137 1755 1507 1814 communione
1564 1758 1715 1834 ope-'

255 1842 431 1890 rantes
490 1843 641 1906 atque
704 1833 1023 1909 operatrices
1081 1832 1324 1911 confiteri
1400 1831 1690 1905 debemu33

253 1919 301 1966 et
357 1908 598 1967 divinam
664 1910 873 1982 quidem
907 1950 924 1980 ‚
984 1930 1116 1983 quae
1172 1909 1277 1966 Dei
1333 1920 1456 1967 sunt
1484 1952 1501 1983 ‚
1562 1933 1686 1986 ope-

253 1996 482 2055 rantem3
523 1996 569 2043 et
608 1985 926 2060 humanam,
969 2006 1099 2059 quae
1142 1986 1322 2043 carnis
1361 1997 1505 2056 sunt,
1553 2008 1686 2044 6906-

251 2072 527 2135 quantem,
571 2082 671 2118 non
714 2066 891 2132 divise,
934 2083 1096 2135 neque
1136 2066 1340 2119 confuse
1368 2104 1386 2134 ,
1429 2076 1514 2118 aut
1555 2083 1686 2120 con-

253 2141 550 2194 vertibiliter
587 2143 682 2195 Dei
724 2154 956 2195 naturam
998 2143 1047 2194 in
1089 2141 1374 2211 hominem,
1417 2153 1466 2195 et
1495 2140 1686 2196 huma-

253 2232 370 2269 nam
412 2218 461 2269 in
502 2219 667 2271 Deum
708 2236 1003 2273 conversam
1045 2220 1330 2287 edocente53
1358 2219 1444 2272 sed
1474 2230 1686 2273 natura-

252 2310 363 2345 rum
404 2294 709 2348 differentias
750 2297 967 2366 integras
1006 2297 1318 2350 confitentes.
1365 2295 1505 2348 Unus
1544 2297 1683 2352 enim

254 2379 401 2439 atque
442 2371 574 2424 idem
613 2382 686 2426 est
726 2371 930 2426 humilis
968 2381 1016 2425 et
1054 2373 1300 2441 sublimiS‚
1331 2372 1551 2443 aequatis
1578 2374 1684 2429 Pa·-

256 2445 315 2497 tri
357 2455 406 2498 et
445 2449 611 2501 minor
649 2450 818 2517 Patre,
862 2451 963 2520 ipse
1002 2460 1116 2503 ante
1158 2460 1383 2522 tempora
1443 2459 1588 2502 natus
1628 2452 1680 2505 in

257 2532 480 2592 tempore
519 2536 612 2592 est3
652 2542 742 2595 per
780 2544 929 2596 quem
972 2525 1097 2578 facta
1137 2539 1250 2579 sunt
1289 2527 1484 2581 saecula
1526 2525 1682 2582 faetus

255 2598 304 2651 in
345 2601 542 2655 saeculo
582 2611 675 2667 est,
716 2613 765 2656 et
804 2605 888 2672 qui
930 2602 1093 2671 legem
1123 2603 1256 2656 dedit
1285 2605 1440 2658 factus
1478 2603 1570 2655 sub
1604 2604 1682 2658 le·-

253 2690 315 2742 ge
378 2686 495 2746 est,
537 2683 593 2730 ut
650 2695 736 2731 eos
800 2680 883 2749 qui
926 2679 1016 2732 sub
1058 2679 1168 2748 lege
1226 2692 1416 2748 erant,
1458 2678 1682 2736 redime·-

253 2761 372 2818 ret3
415 2752 516 2824 ipse
555 2755 868 2826 crucifixus,
911 2756 1015 2828 ipse
1054 2753 1452 2830 chirographum
1477 2795 1494 2830 ‚
1543 2760 1679 2830 quod
