1780 3038
727 177 802 185 —
847 143 953 198 154
991 174 1065 182 —-

138 224 423 282 Honorium
463 225 592 279 circa
632 241 796 277 etnam
834 217 1155 273 voluntatem
1183 218 1274 272 sibi
1317 216 1645 290 patrocinan-

138 313 238 356 tem
279 304 566 367 adducens,
607 297 828 352 omiserit
888 297 995 350 eius
1052 296 1185 348 abuti
1245 297 1538 349 auctoritate
1579 297 1642 350 ad

136 378 498 432 defendendam
539 393 691 428 unam
733 373 1076 445 operationem
1102 408 1119 440 ‚
1160 388 1277 426 cum
1337 373 1553 444 plurima
1582 373 1648 427 de

137 454 510 527 operationibus
551 452 824 522 disputaret
855 447 885 503 ⁶?

212 533 385 601 Neque
425 530 563 582 obest
602 528 734 598 quod
775 525 1025 579 Macarius
1064 523 1408 579 Antiochenus
1468 524 1646 579 Actio-

138 624 203 661 ne
235 606 349 659 vltt
377 605 586 659 Concilii
615 601 703 656 Vt.
766 603 1005 668 affirmet,
1033 618 1085 655 se
1111 602 1399 656 confitendo
1433 620 1459 655 «
1486 620 1644 656 unam

139 702 167 735 «t
215 683 524 735 voluntatem
562 676 978 734 subsistentialem
1020 678 1071 731 in
1113 696 1215 732 uno
1270 679 1492 733 Domino
1532 679 1645 732 lesu

137 779 164 814 ι(
209 758 430 826 Chr-ism,
470 768 519 811 et
558 756 856 811 Deivirilem
896 756 1001 809 eius
1034 755 1401 826 operationem,
1426 772 1644 809 consen-

137 857 165 890 «
211 836 302 890 tire
341 835 569 890 Honorio
610 851 638 887 a
679 834 788 888 Deo
826 833 1044 901 erudito,
1068 833 1246 902 Sergio
1286 841 1336 886 et
1374 832 1531 886 Paulo
1561 843 1645 886 at-

136 930 166 964 .«
210 930 308 983 que
347 913 519 979 Petr03
567 929 593 963 n
639 927 756 963 nam
796 910 1016 980 quaestio
1060 910 1192 963 circa
1262 925 1416 962 unam
1457 907 1646 963 voiun-

137 999 292 1042 tatem
332 989 517 1043 directe
577 986 915 1053 versabatur3
960 988 1143 1057 agebat
1182 985 1427 1056 siquidem
1468 985 1645 1040 Maca-

87 1130 90 1132 ,
132 1065 310 1118 riusa«
355 1065 422 1118 dev
460 1065 562 1136 ipsa
624 1080 723 1115 una
783 1062 1040 1117 voluntate
1080 1080 1209 1133 quae
1268 1072 1340 1115 est
1398 1062 1557 1116 Patris
1594 1073 1646 1117 et

61 1158 64 1159 ⁷
144 1160 171 1194 <t
217 1142 425 1212 Domini
467 1140 620 1195 nostri
662 1139 771 1194 lesu
812 1138 1017 1201 Christi,
1051 1150 1100 1193 et
1137 1137 1292 1193 sancti
1335 1137 1568 1209 Spiritus3
1614 1155 1642 1190 n

135 1235 198 1271 cx
238 1219 483 1289 qua'ipse
523 1217 802 1272 deducebat
844 1215 893 1268 in
935 1215 1132 1270 Christo
1172 1227 1220 1270 et
1259 1232 1412 1267 unam
1459 1233 1646 1287 opera-

139 1294 330 1348 tionem
372 1295 571 1361 suisse3
616 1315 641 1348 «
686 1293 783 1357 Qui
823 1294 960 1346 enim
1001 1311 1156 1346 unam
1196 1291 1508 1348 voluntatem
1547 1291 1646 1347 ha·-

141 1390 167 1423 «
214 1371 357 1438 bem,
392 1382 464 1425 est
503 1372 564 1424 ad
604 1369 973 1440 susceptionem
1014 1369 1196 1423 harum
1257 1370 1487 1422 omnium
1527 1387 1646 1441 pas-

133 1465 174 1501 u
210 1447 409 1500 sionum
452 1446 658 1500 idoneus
683 1483 698 1513 ,
739 1463 894 1498 unam
933 1447 1264 1516 eamdemque
1318 1444 1494 1500 habuit
1534 1447 1645 1503 vir-

138 1541 166 1576 «
213 1533 367 1578 tutem
409 1525 469 1578 ad
513 1523 827 1577 tolerantiam
859 1521 1044 1576 horum
1073 1523 1331 1590 onmium3
1375 1540 1402 1574 n
1444 1541 1541 1594 qua
1581 1524 1646 1578 de

135 1616 280 1653 causa
323 1617 437 1654 cum
480 1600 569 1671 ipsi
616 1599 870 1654 videretur
909 1599 1166 1654 Honorius
1205 1617 1358 1653 unam
1400 1600 1449 1652 in
1490 1599 1645 1653 Chri-

131 1690 207 1729 sto
248 1677 401 1730 fassus
440 1677 750 1731 voluntatem
777 1713 793 1741 ‚
834 1687 1201 1747 consequenter
1263 1693 1381 1730 cum
1421 1677 1598 1747 Sergio
1623 1715 1642 1745 ‚

130 1753 292 1807 Paulo
330 1764 379 1808 et
416 1755 566 1807 Petro
607 1753 848 1825 reponit,
889 1753 1041 1807 etiam
1082 1771 1237 1806 unam
1290 1754 1640 1824 operationem

133 1829 340 1896 diserte,
383 1831 758 1901 profitentibus.
804 1829 1050 1883 Iudicium
1091 1847 1213 1900 ergo
1273 1847 1376 1884 non
1437 1830 1646 1885 instituit

135 1923 200 1960 ex
261 1907 429 1977 aliquo
487 1907 772 1960 testimonio
831 1923 894 1960 cx
952 1907 1172 1978 epistolis
1235 1917 1517 1979 excerpto,
1557 1908 1643 1961 sed

129 1998 193 2035 ex
235 1983 438 2054 propria
493 1994 698 2050 mente3
736 1999 894 2052 eaque
934 1983 995 2036 de
1036 2001 1182 2038 causa
1224 2001 1316 2037 nec
1380 1985 1484 2055 ipse
1523 2002 1643 2039 eum

131 2056 383 2114 accusavit
441 2061 574 2130 quod
642 2061 764 2113 duas
817 2061 1137 2130 operationes
1201 2059 1427 2128 Christi,
1466 2059 1644 2116 saitem

131 2135 319 2189 directe
362 2136 411 2188 in
454 2137 554 2189 suis
612 2135 833 2208 epistolis
892 2147 1143 2206 negaret,
1183 2137 1267 2189 sed
1308 2138 1429 2190 duas
1457 2137 1645 2193 volun-

133 2222 297 2280 tates;
339 2213 474 2282 quod
516 2213 641 2267 adeo
685 2228 864 2268 verum
911 2225 1023 2281 est,
1078 2224 1130 2266 ut
1179 2215 1428 2267 Macarius
1478 2215 1645 2268 consi-

133 2298 296 2341 teatur
338 2286 648 2344 Dciviril'em
702 2285 1058 2363 operationem
1089 2330 1106 2359 ,
1151 2290 1212 2343 de
1259 2308 1356 2360 qua
1406 2309 1469 2345 ne
1523 2309 1645 2346 ver-

126 2362 253 2417 -bum
293 2366 498 2436 quidem
541 2367 591 2418 in
632 2364 853 2437 epistolis
892 2366 1130 2419 Honorii.
1186 2367 1384 2421 Deinde
1425 2369 1475 2421 in
1518 2386 1645 2439 pro-

131 2440 344 2495 sessione
385 2443 548 2509 fidei,
588 2460 740 2513 quam
800 2441 1102 2513 Imperatori
1145 2443 1372 2512 obtulit,
1413 2462 1644 2516 quaeque

130 2513 256 2570 lecta
297 2528 368 2571 est
409 2517 504 2573 hac
546 2520 648 2591 ipsa
690 2519 899 2572 Actione
922 2516 1086 2586 v111.‚
1128 2520 1250 2573 dum
1295 2523 1399 2592 agit
1426 2522 1488 2576 de
1516 2539 1645 2593 ope-

132 2594 449 2662 rationibuS‚
509 2597 776 2650 sententias
829 2596 1000 2667 utique
1054 2596 1294 2668 plurimas
1333 2617 1395 2652 ex
1434 2598 1643 2671 epistola

137 2669 300 2740 Sergii
340 2683 598 2744 excerptas
636 2673 698 2726 ad
740 2673 953 2727 verbum
993 2673 1193 2744 repetit,
1225 2674 1349 2728 nihii
1374 2693 1496 2730 vero
1519 2693 1644 2747 pro-

131 2745 306 2803 fertde
327 2749 546 2822 epistolis
574 2750 807 2824 Episcopi
841 2766 860 2818 ⁰,
918 2768 980 2806 ex
1021 2768 1121 2824 quo
1143 2752 1484 2827 consequitur,
1524 2771 1643 2809 eum
