1780 3038
83 254 179 298 tes·
212 243 421 314 reperiri
448 280 463 309 ‚
531 259 840 313 consequens
898 255 1004 297 erat
1046 253 1098 296 ut
1141 244 1190 295 in
1231 261 1293 297 eo
1350 262 1446 298 una
1494 262 1579 300 es-

81 330 153 375 set
204 320 451 373 voluntas,

156 393 478 469 Impossibile
516 394 702 468 quippe
741 405 811 450 est
852 394 908 450 iu
948 416 1054 450 tuto
1093 393 1370 466 eodemque
1407 393 1588 468 subju-

82 471 215 529 centt‘
252 468 386 526 duas
424 470 604 543 simul,
646 481 691 526 et
732 492 857 545 erqct
910 469 1007 527 ltoc-
1063 471 1236 546 ipsum
1284 471 1590 528 contrarias

79 546 353 605 subsistere
382 547 672 604 voluntates
711 545 805 624 (1).
854 547 858 552 ’

156 625 299 680 Patet
341 625 542 697 insuper
580 644 750 680 sensus
790 626 951 696 Sergii
1014 624 1420 679 inonothelitieus
1447 667 1464 695 ,
1525 645 1588 680 ex

81 720 182 774 quo
223 699 391 774 paullo
434 702 638 755 inferius
678 703 888 756 fateatur
919 741 934 768 ,
976 703 1184 755 patrum
1225 704 1452 756 omnium
1493 703 1590 757 do·-

82 780 296 834 otrinam
335 796 438 832 esse
478 778 756 833 humanam
818 778 999 832 Christi
1044 791 1274 832 naturam
1316 797 1593 850 numquam

86 855 318 909 babuisse
384 857 661 927 appetitum
712 857 998 928 proprium,
1059 856 1143 909 sed
1166 873 1365 926 semper
1393 875 1419 909 a
1465 857 1593 911 Ver-

83 933 148 987 bo
215 943 377 986 aetam
425 944 712 1005 motamque
754 934 913 986 luisse.
974 929 1240 987 Salutaris
1266 932 1442 987 Deum
1504 952 1594 1006 qe·-

83 1006 316 1065 rentium
379 1008 610 1064 Patriam.
673 1007 920 1065 doctrina
975 1006 1249 1083 manifeste
1308 1006 1526 1064 instruit
1574 1049 1595 1080 ‚

84 1083 222 1157 quod
261 1104 554 1156 netonqteam
618 1083 1032 1141 intellectualiter
1086 1083 1332 1140 animala
1371 1084 1596 1141 Domini

85 1180 212 1217 caro
249 1160 538 1237 separatim
578 1169 624 1216 et
662 1182 727 1217 ex
747 1165 978 1236 appetitu
1032 1159 1258 1235 proprio
1322 1161 1597 1218 contrario

84 1236 242 1294 nutui
290 1237 431 1294 uniti
453 1236 552 1293 sibi
577 1236 862 1293 secu-ndum
903 1234 1288 1293 subsistentiam
1309 1236 1414 1292 Dei
1442 1235 1598 1294 Verbi

83 1319 391 1370 naturalem
415 1325 617 1370 motum
638 1335 790 1370 suum
815 1311 1012 1391 effecit,
1037 1312 1128 1368 secl
1150 1311 1366 1385 quando
1388 1327 1436 1370 et
1456 1335 1598 1386 quu-

92 1390 218 1458 hem,
243 1398 290 1445 et
317 1402 572 1463 quonlam
614 1388 721 1466 ipse
747 1392 893 1447 Deus
929 1388 1155 1447 Verbum
1195 1387 1413 1446 volebat.
1459 1393 1603 1457 Quae

89 1468 244 1524 verba
286 1470 476 1524 nedum
513 1470 574 1523 de
615 1471 867 1523 contrario
910 1480 1048 1522 motu
1076 1505 1091 1534 ‚
1133 1468 1216 1521 sed
1259 1469 1320 1521 de
1347 1486 1601 1539 quocum-

48 1602 50 1604 ,
87 1562 184 1616 que
225 1546 437 1598 naturali
482 1558 620 1599 motu
665 1547 990 1616 intelligenda
1033 1562 1136 1599 esse
1161 1586 1181 1615 ,
1221 1555 1356 1616 patet
1395 1548 1605 1617 apertis-

89 1623 261 1690 sime3
302 1627 342 1679 si
381 1624 523 1676 enim
563 1636 758 1677 motum
799 1624 1078 1676 naturalem
1134 1621 1355 1675 humana
1417 1622 1598 1676 Christi

92 1698 326 1755 voluntas
365 1717 466 1754 non
511 1699 747 1767 habehat,
792 1701 990 1753 nullum.
1023 1699 1260 1753 habebat.
1302 1700 1478 1770 Neque
1523 1701 1607 1752 in-⁸

91 1775 396 1846 telligendus
417 1788 502 1845 est⁴
529 1779 733 1847 Sergius
774 1778 908 1848 loqui
952 1779 1013 1831 de
1057 1788 1196 1830 motu
1238 1776 1450 1829 naturali
1476 1794 1610 1831 eon-⁷

93 1852 244 1907 trario
268 1854 510 1911 voluntati
552 1855 776 1921 divinae,
819 1871 919 1908 non
963 1870 1084 1908 vero
1118 1852 1385 1907 conformi.
1431 1854 1607 1924 Siqui-.

7 1980 23 1995 ,
93 1927 211 1983 dem
252 1951 355 1988 non
398 1932 614 2002 negabat
654 1931 782 2004 ipse,
817 1932 1039 1985 actiones
1078 1929 1319 1998 hominiS,
1354 1947 1482 2001 quae
1523 1933 1609 1984 di-

212 2095 272 2153 [1)
304 2094 347 2139 ln
377 2110 454 2154 quo
477 2096 526 2141 de
559 2104 690 2140 cetero
709 2096 870 2155 Sergius
901 2105 941 2140 et
973 2095 1256 2140 monothelitae
1318 2095 1484 2153 ropriam
1520 2095 1610 2140 im-

99 2151 361 2198 becillitatem
393 2155 628 2213 prodebant.
669 2155 764 2200 Cum
796 2157 901 2199 enim
933 2156 1190 2199 certissimum
1218 2169 1266 2198 ex
1300 2154 1503 2210 <vangelio
1535 2155 1602 2206 sit,

98 2210 295 2257 Christum
328 2213 533 2257 clamasse:
566 2213 695 2258 Pater
723 2215 760 2258 si
788 2215 878 2271 fieri
910 2221 1055 2271 potest,
1091 2213 1268 2273 transfer
1302 2213 1459 2256 calicem
1491 2213 1609 2257 istum

101 2284 128 2314 a
159 2286 237 2323 me;
267 2272 340 2315 nisi
371 2286 392 2315 a
423 2273 629 2317 voluntate
662 2273 844 2323 hnmana,
883 2281 992 2317 certe
1015 2288 1037 2316 a
1069 2272 1201 2316 divina
1224 2273 1322 2315 haee
1355 2272 1478 2314 oratio
1505 2285 1607 2330 pro-

99 2328 188 2381 diit;
224 2329 388 2389 proinde
420 2346 551 2389 pugna
584 2332 685 2376 cirea
721 2333 886 2391 idipsum
910 2332 1102 2375 extitisset
1134 2332 1172 2374 in
1192 2331 1276 2388 ipsa
1306 2330 1510 2373 voluntate
1537 2332 1609 2374 di·-

103 2389 213 2433 vina.
250 2389 436 2433 Voluntas
468 2392 625 2449 insuper
657 2391 789 2435 divina
825 2391 969 2435 Christi
1000 2398 1084 2434 erat
1116 2391 1251 2434 eadem
1286 2403 1374 2432 eum
1407 2389 1608 2433 voluntate

102 2446 251 2499 Patris,
282 2456 322 2492 et
352 2448 622 2493 immutabilis.
658 2449 770 2494 Unde
803 2465 898 2510 ergo
939 2449 1050 2492 illud:
1084 2464 1161 2491 non
1191 2462 1278 2491 mea
1307 2446 1506 2499 voluntas,
1540 2448 1611 2492 sed

105 2513 175 2551 tuo
205 2506 294 2564 fiat,
329 2507 361 2550 si
393 2508 572 2553 Christus
593 2509 794 2553 voluntate
826 2511 997 2554 humana
1021 2505 1298 2550 carebat?Hoe
1317 2507 1354 2549 in
1375 2520 1466 2549 casu
1494 2506 1606 2559 illud;

104 2579 183 2608 non
211 2579 297 2610 mea
325 2565 509 2610 voluntas
540 2567 675 2611 suisset
707 2568 889 2613 voluntas
920 2568 1068 2619 divina;
1105 2581 1191 2609 nam
1225 2566 1274 2609 ab
1307 2565 1434 2621 aliqua
1460 2564 1610 2608 volun-

105 2631 186 2667 tate
217 2626 338 2668 verba
370 2626 434 2668 illa
467 2625 712 2683 prodierunt.
747 2625 922 2672 Dixisset
953 2640 1050 2683 ergo
1083 2625 1274 2670 Christus:
1310 2624 1490 2667 voluntas
1524 2638 1609 2668 mea

107 2681 239 2726 divina
271 2697 347 2727 non
379 2684 461 2727 fiat.
497 2683 553 2728 lta
587 2683 691 2729 Deus
722 2686 942 2730 haereticos
980 2692 1181 2728 excaecat.
1209 2682 1295 2726 Non
1329 2696 1390 2726 me
1423 2683 1519 2726 latet
1551 2690 1612 2726 ta·-

107 2754 196 2785 men
221 2775 232 2794 ‚
267 2743 387 2787 verba
419 2742 484 2787 illa
514 2758 536 2787 a
569 2742 839 2789 Monothelitis
868 2759 983 2793 sensu
1020 2743 1218 2787 exclusivo
1253 2742 1370 2785 fuisse
1402 2750 1565 2802 accepta
1595 2775 1615 2795 ,‚

109 2809 152 2843 ut
181 2799 341 2845 inferius
374 2802 583 2861 explicabo
612 2802 650 2846 in
674 2803 902 2848 defensione
934 2804 1185 2862 epistolarum
1212 2798 1394 2846 Honorji.

1313 2875 1346 2928 3
