<?xml version="1.0" encoding="UTF-8"?>
<!DOCTYPE html PUBLIC "-//W3C//DTD XHTML 1.0 Transitional//EN"
    "http://www.w3.org/TR/xhtml1/DTD/xhtml1-transitional.dtd">
<html xmlns="http://www.w3.org/1999/xhtml" xml:lang="en" lang="en">
 <head>
  <title>
</title>
<meta http-equiv="Content-Type" content="text/html;charset=utf-8" />
  <meta name='ocr-system' content='tesseract 3.04.00' />
  <meta name='ocr-capabilities' content='ocr_page ocr_carea ocr_par ocr_line ocrx_word'/>
</head>
<body>
  <div class='ocr_page' id='page_1' title='image "a603242300pennuoft_0079.png"; bbox 0 0 1780 3038; ppageno 0'>
   <div class='ocr_carea' id='block_1_1' title="bbox 688 166 989 220">
    <p class='ocr_par' dir='ltr' id='par_1_1' title="bbox 688 166 989 220">
     <span class='ocr_line' id='line_1_1' title="bbox 688 166 989 220; baseline 0.007 -13"><span class='ocrx_word' id='word_1_1' title='bbox 688 166 989 220; x_wconf 76' lang='lat'>...75—</span> 
     </span>
    </p>
   </div>
   <div class='ocr_carea' id='block_1_2' title="bbox 603 328 1030 401">
    <p class='ocr_par' dir='ltr' id='par_1_2' title="bbox 603 328 1030 401">
     <span class='ocr_line' id='line_1_2' title="bbox 603 328 1030 401; baseline 0.005 -3"><span class='ocrx_word' id='word_1_2' title='bbox 603 328 896 401; x_wconf 65' lang='lat' dir='ltr'><strong>GAPU&#39;P</strong></span> <span class='ocrx_word' id='word_1_3' title='bbox 945 330 1030 400; x_wconf 83' lang='lat' dir='ltr'>vl.</span> 
     </span>
    </p>
   </div>
   <div class='ocr_carea' id='block_1_3' title="bbox 148 490 1513 577">
    <p class='ocr_par' dir='ltr' id='par_1_3' title="bbox 148 490 1513 577">
     <span class='ocr_line' id='line_1_3' title="bbox 148 490 1513 529; baseline 0.001 -2"><span class='ocrx_word' id='word_1_4' title='bbox 148 492 216 527; x_wconf 76' lang='lat' dir='ltr'>m:</span> <span class='ocrx_word' id='word_1_5' title='bbox 241 490 623 529; x_wconf 67' lang='lat' dir='ltr'><strong>GENUINITATE</strong></span> <span class='ocrx_word' id='word_1_6' title='bbox 643 493 712 526; x_wconf 78' lang='lat' dir='ltr'>ET</span> <span class='ocrx_word' id='word_1_7' title='bbox 729 492 1110 528; x_wconf 73' lang='lat' dir='ltr'><strong>INTEGRITATE</strong></span> <span class='ocrx_word' id='word_1_8' title='bbox 1126 493 1513 529; x_wconf 66' lang='lat' dir='ltr'>EPISTOLARUH</span> 
     </span>
     <span class='ocr_line' id='line_1_4' title="bbox 547 540 1135 577; baseline 0.002 -2"><span class='ocrx_word' id='word_1_9' title='bbox 547 541 781 576; x_wconf 67' lang='lat' dir='ltr'>nonoml</span> <span class='ocrx_word' id='word_1_10' title='bbox 800 542 873 576; x_wconf 80' lang='lat' dir='ltr'>An</span> <span class='ocrx_word' id='word_1_11' title='bbox 891 540 1135 577; x_wconf 73' lang='lat' dir='ltr'>smmum</span> 
     </span>
    </p>
   </div>
   <div class='ocr_carea' id='block_1_4' title="bbox 56 659 1661 2814">
    <p class='ocr_par' dir='ltr' id='par_1_4' title="bbox 56 659 1661 2424">
     <span class='ocr_line' id='line_1_5' title="bbox 156 659 1600 732; baseline 0.001 -20"><span class='ocrx_word' id='word_1_12' title='bbox 156 659 223 713; x_wconf 91' lang='lat' dir='ltr'>Et</span> <span class='ocrx_word' id='word_1_13' title='bbox 266 659 491 731; x_wconf 87' lang='lat' dir='ltr'>primum</span> <span class='ocrx_word' id='word_1_14' title='bbox 530 660 744 716; x_wconf 88' lang='lat' dir='ltr'>observo</span> <span class='ocrx_word' id='word_1_15' title='bbox 770 697 788 727; x_wconf 81' lang='grc'><strong>,</strong></span> <span class='ocrx_word' id='word_1_16' title='bbox 831 659 924 714; x_wconf 83' lang='lat' dir='ltr'>has</span> <span class='ocrx_word' id='word_1_17' title='bbox 969 660 1092 714; x_wconf 86' lang='lat' dir='ltr'>duas</span> <span class='ocrx_word' id='word_1_18' title='bbox 1142 660 1375 732; x_wconf 80' lang='lat' dir='ltr'><strong>epistolas</strong></span> <span class='ocrx_word' id='word_1_19' title='bbox 1440 677 1600 714; x_wconf 90' lang='lat' dir='ltr'>unum</span> 
     </span>
     <span class='ocr_line' id='line_1_6' title="bbox 80 735 1602 808; baseline -0.001 -17"><span class='ocrx_word' id='word_1_20' title='bbox 80 735 416 808; x_wconf 88' lang='lat' dir='ltr'>eumdemque</span> <span class='ocrx_word' id='word_1_21' title='bbox 456 749 715 791; x_wconf 86' lang='lat' dir='ltr'>auctorem</span> <span class='ocrx_word' id='word_1_22' title='bbox 743 737 993 805; x_wconf 77' lang='lat' dir='ltr'>redolere,</span> <span class='ocrx_word' id='word_1_23' title='bbox 1023 754 1140 791; x_wconf 90' lang='lat' dir='ltr'>cum</span> <span class='ocrx_word' id='word_1_24' title='bbox 1182 739 1358 792; x_wconf 91' lang='lat' dir='ltr'>iisdem</span> <span class='ocrx_word' id='word_1_25' title='bbox 1391 748 1602 791; x_wconf 81' lang='lat' dir='ltr'>senten-</span> 
     </span>
     <span class='ocr_line' id='line_1_7' title="bbox 71 813 1602 886; baseline 0 -19"><span class='ocrx_word' id='word_1_26' title='bbox 71 814 181 880; x_wconf 68' lang='lat' dir='ltr'>tiis,</span> <span class='ocrx_word' id='word_1_27' title='bbox 222 813 401 868; x_wconf 90' lang='lat' dir='ltr'>eodem</span> <span class='ocrx_word' id='word_1_28' title='bbox 440 814 592 886; x_wconf 80' lang='lat' dir='ltr'>styln,</span> <span class='ocrx_word' id='word_1_29' title='bbox 637 815 914 869; x_wconf 91' lang='lat' dir='ltr'>intentione</span> <span class='ocrx_word' id='word_1_30' title='bbox 954 815 1154 885; x_wconf 77' lang='lat' dir='ltr'>eadem,</span> <span class='ocrx_word' id='word_1_31' title='bbox 1196 825 1244 868; x_wconf 92' lang='lat' dir='ltr'>et</span> <span class='ocrx_word' id='word_1_32' title='bbox 1267 832 1396 886; x_wconf 90' lang='lat' dir='ltr'>pene</span> <span class='ocrx_word' id='word_1_33' title='bbox 1426 815 1602 867; x_wconf 87' lang='lat' dir='ltr'>iisdem</span> 
     </span>
     <span class='ocr_line' id='line_1_8' title="bbox 58 890 1603 963; baseline 0 -19"><span class='ocrx_word' id='word_1_34' title='bbox 58 890 247 944; x_wconf 81' lang='lat' dir='ltr'>&#39;verbis</span> <span class='ocrx_word' id='word_1_35' title='bbox 283 892 496 963; x_wconf 74' lang='lat' dir='ltr'>scriptae</span> <span class='ocrx_word' id='word_1_36' title='bbox 535 892 633 944; x_wconf 86' lang='lat' dir='ltr'>sint</span> <span class='ocrx_word' id='word_1_37' title='bbox 655 909 673 959; x_wconf 92' lang='lat'>;</span> <span class='ocrx_word' id='word_1_38' title='bbox 696 908 852 962; x_wconf 87' lang='lat' dir='ltr'>quare</span> <span class='ocrx_word' id='word_1_39' title='bbox 890 890 970 945; x_wconf 84' lang='lat' dir='ltr'>vel</span> <span class='ocrx_word' id='word_1_40' title='bbox 1011 902 1210 958; x_wconf 85' lang='lat' dir='ltr'>neutra,</span> <span class='ocrx_word' id='word_1_41' title='bbox 1264 890 1346 946; x_wconf 91' lang='lat' dir='ltr'>vel</span> <span class='ocrx_word' id='word_1_42' title='bbox 1391 901 1603 962; x_wconf 86' lang='lat' dir='ltr'>utraque</span> 
     </span>
     <span class='ocr_line' id='line_1_9' title="bbox 72 965 1601 1039; baseline 0 -19"><span class='ocrx_word' id='word_1_43' title='bbox 72 965 315 1022; x_wconf 72' lang='lat' dir='ltr'>&#39;Honorio</span> <span class='ocrx_word' id='word_1_44' title='bbox 360 979 432 1022; x_wconf 86' lang='lat' dir='ltr'>est</span> <span class='ocrx_word' id='word_1_45' title='bbox 460 968 810 1022; x_wconf 79' lang='lat' dir='ltr'>adiudicanda.</span> <span class='ocrx_word' id='word_1_46' title='bbox 854 968 990 1032; x_wconf 89' lang='lat' dir='ltr'>Quin</span> <span class='ocrx_word' id='word_1_47' title='bbox 1037 968 1240 1039; x_wconf 83' lang='lat' dir='ltr'>insuper</span> <span class='ocrx_word' id='word_1_48' title='bbox 1270 967 1601 1022; x_wconf 87' lang='lat' dir='ltr'>animadver-</span> 
     </span>
     <span class='ocr_line' id='line_1_10' title="bbox 81 1043 1601 1116; baseline 0 -19"><span class='ocrx_word' id='word_1_49' title='bbox 81 1053 155 1111; x_wconf 80' lang='lat' dir='ltr'>te,</span> <span class='ocrx_word' id='word_1_50' title='bbox 203 1043 413 1099; x_wconf 87' lang='lat' dir='ltr'>alteram</span> <span class='ocrx_word' id='word_1_51' title='bbox 455 1043 718 1116; x_wconf 85' lang='lat' dir='ltr'>epistolam</span> <span class='ocrx_word' id='word_1_52' title='bbox 746 1045 1006 1099; x_wconf 88' lang='lat' dir='ltr'>continere</span> <span class='ocrx_word' id='word_1_53' title='bbox 1045 1045 1412 1100; x_wconf 76' lang='lat' dir='ltr'>evidentiorem</span> <span class='ocrx_word' id='word_1_54' title='bbox 1442 1044 1601 1115; x_wconf 87' lang='lat' dir='ltr'>expli-</span> 
     </span>
     <span class='ocr_line' id='line_1_11' title="bbox 70 1120 1600 1192; baseline 0.001 -18"><span class='ocrx_word' id='word_1_55' title='bbox 70 1120 330 1175; x_wconf 86' lang='lat' dir='ltr'>cationem</span> <span class='ocrx_word' id='word_1_56' title='bbox 358 1121 617 1176; x_wconf 88' lang='lat' dir='ltr'>doctrinae</span> <span class='ocrx_word' id='word_1_57' title='bbox 639 1120 936 1190; x_wconf 81' lang='lat' dir='ltr'>catholicae3</span> <span class='ocrx_word' id='word_1_58' title='bbox 976 1121 1042 1175; x_wconf 89' lang='lat' dir='ltr'>ita</span> <span class='ocrx_word' id='word_1_59' title='bbox 1076 1133 1130 1175; x_wconf 88' lang='lat' dir='ltr'>ut</span> <span class='ocrx_word' id='word_1_60' title='bbox 1156 1122 1194 1175; x_wconf 81' lang='lat' dir='ltr'>si</span> <span class='ocrx_word' id='word_1_61' title='bbox 1226 1121 1436 1174; x_wconf 89' lang='lat' dir='ltr'>dubium</span> <span class='ocrx_word' id='word_1_62' title='bbox 1478 1122 1600 1192; x_wconf 91' lang='lat' dir='ltr'>quid</span> 
     </span>
     <span class='ocr_line' id='line_1_12' title="bbox 79 1196 1600 1270; baseline -0.001 -18"><span class='ocrx_word' id='word_1_63' title='bbox 79 1196 161 1252; x_wconf 85' lang='lat' dir='ltr'>vel</span> <span class='ocrx_word' id='word_1_64' title='bbox 202 1198 471 1252; x_wconf 89' lang='lat' dir='ltr'>obscurum</span> <span class='ocrx_word' id='word_1_65' title='bbox 523 1199 574 1254; x_wconf 89' lang='lat' dir='ltr'>in</span> <span class='ocrx_word' id='word_1_66' title='bbox 628 1199 795 1270; x_wconf 87' lang='lat' dir='ltr'>prima</span> <span class='ocrx_word' id='word_1_67' title='bbox 842 1198 976 1252; x_wconf 81' lang='lat' dir='ltr'>eirca</span> <span class='ocrx_word' id='word_1_68' title='bbox 1022 1198 1238 1252; x_wconf 91' lang='lat' dir='ltr'>Honorii</span> <span class='ocrx_word' id='word_1_69' title='bbox 1294 1198 1447 1252; x_wconf 84' lang='lat' dir='ltr'>fldem</span> <span class='ocrx_word' id='word_1_70' title='bbox 1507 1215 1600 1252; x_wconf 89' lang='lat' dir='ltr'>oc-</span> 
     </span>
     <span class='ocr_line' id='line_1_13' title="bbox 77 1273 1602 1348; baseline 0.001 -21"><span class='ocrx_word' id='word_1_71' title='bbox 77 1284 269 1342; x_wconf 88' lang='lat' dir='ltr'>currat‚</span> <span class='ocrx_word' id='word_1_72' title='bbox 312 1274 469 1347; x_wconf 89' lang='lat' dir='ltr'>(quod</span> <span class='ocrx_word' id='word_1_73' title='bbox 511 1285 679 1329; x_wconf 90' lang='lat' dir='ltr'>tamen</span> <span class='ocrx_word' id='word_1_74' title='bbox 719 1290 822 1329; x_wconf 90' lang='lat' dir='ltr'>non</span> <span class='ocrx_word' id='word_1_75' title='bbox 863 1273 1105 1348; x_wconf 88' lang='lat' dir='ltr'>concedo)</span> <span class='ocrx_word' id='word_1_76' title='bbox 1145 1293 1207 1329; x_wconf 85' lang='lat' dir='ltr'>ex</span> <span class='ocrx_word' id='word_1_77' title='bbox 1233 1274 1389 1328; x_wconf 81' lang='lat' dir='ltr'>altera</span> <span class='ocrx_word' id='word_1_78' title='bbox 1417 1291 1602 1329; x_wconf 88' lang='lat' dir='ltr'>emen-</span> 
     </span>
     <span class='ocr_line' id='line_1_14' title="bbox 80 1350 1599 1424; baseline 0.001 -21"><span class='ocrx_word' id='word_1_79' title='bbox 80 1350 213 1416; x_wconf 82' lang='lat' dir='ltr'>dari,</span> <span class='ocrx_word' id='word_1_80' title='bbox 234 1356 288 1405; x_wconf 73' lang='lat' dir='ltr'>et</span> <span class='ocrx_word' id='word_1_81' title='bbox 312 1351 490 1406; x_wconf 87' lang='lat' dir='ltr'>saltem</span> <span class='ocrx_word' id='word_1_82' title='bbox 529 1351 772 1424; x_wconf 84' lang='lat' dir='ltr'>explicari</span> <span class='ocrx_word' id='word_1_83' title='bbox 803 1350 946 1405; x_wconf 79' lang='lat' dir='ltr'>facile</span> <span class='ocrx_word' id='word_1_84' title='bbox 976 1353 1149 1424; x_wconf 78' lang='lat' dir='ltr'><strong>possit,</strong></span> <span class='ocrx_word' id='word_1_85' title='bbox 1191 1361 1246 1405; x_wconf 90' lang='lat' dir='ltr'>ut</span> <span class='ocrx_word' id='word_1_86' title='bbox 1273 1352 1599 1423; x_wconf 86' lang='lat' dir='ltr'>cuicumque,</span> 
     </span>
     <span class='ocr_line' id='line_1_15' title="bbox 78 1427 1600 1501; baseline 0.002 -22"><span class='ocrx_word' id='word_1_87' title='bbox 78 1427 164 1498; x_wconf 92' lang='lat' dir='ltr'>qui</span> <span class='ocrx_word' id='word_1_88' title='bbox 207 1445 291 1483; x_wconf 85' lang='lat' dir='ltr'>eas</span> <span class='ocrx_word' id='word_1_89' title='bbox 338 1438 523 1483; x_wconf 88' lang='lat' dir='ltr'>attente</span> <span class='ocrx_word' id='word_1_90' title='bbox 560 1429 726 1499; x_wconf 73' lang='lat' dir='ltr'>legat,</span> <span class='ocrx_word' id='word_1_91' title='bbox 782 1429 990 1501; x_wconf 76' lang='lat' dir='ltr'>patebit.</span> <span class='ocrx_word' id='word_1_92' title='bbox 1042 1429 1157 1494; x_wconf 82' lang='lat' dir='ltr'>Qua</span> <span class='ocrx_word' id='word_1_93' title='bbox 1215 1429 1276 1483; x_wconf 87' lang='lat' dir='ltr'>dc</span> <span class='ocrx_word' id='word_1_94' title='bbox 1317 1445 1464 1482; x_wconf 89' lang='lat' dir='ltr'>causa</span> <span class='ocrx_word' id='word_1_95' title='bbox 1507 1429 1600 1482; x_wconf 91' lang='lat' dir='ltr'>de·-</span> 
     </span>
     <span class='ocr_line' id='line_1_16' title="bbox 78 1504 1600 1577; baseline 0.001 -20"><span class='ocrx_word' id='word_1_96' title='bbox 78 1506 492 1560; x_wconf 85' lang='lat' dir='ltr'>monstrationem</span> <span class='ocrx_word' id='word_1_97' title='bbox 514 1507 837 1577; x_wconf 82' lang='lat' dir='ltr'>genuinitatis</span> <span class='ocrx_word' id='word_1_98' title='bbox 862 1516 911 1559; x_wconf 87' lang='lat' dir='ltr'>et</span> <span class='ocrx_word' id='word_1_99' title='bbox 933 1506 1228 1577; x_wconf 76' lang='lat' dir='ltr'>integritatis</span> <span class='ocrx_word' id='word_1_100' title='bbox 1250 1504 1488 1577; x_wconf 89' lang='lat' dir='ltr'>epistolae</span> <span class='ocrx_word' id='word_1_101' title='bbox 1516 1523 1600 1559; x_wconf 91' lang='lat' dir='ltr'>se-</span> 
     </span>
     <span class='ocr_line' id='line_1_17' title="bbox 77 1581 1661 1655; baseline 0 -20"><span class='ocrx_word' id='word_1_102' title='bbox 77 1581 273 1636; x_wconf 88' lang='lat' dir='ltr'>cundae</span> <span class='ocrx_word' id='word_1_103' title='bbox 302 1593 406 1637; x_wconf 91' lang='lat' dir='ltr'>tuto</span> <span class='ocrx_word' id='word_1_104' title='bbox 447 1585 815 1655; x_wconf 82' lang='lat' dir='ltr'>praetermitt03</span> <span class='ocrx_word' id='word_1_105' title='bbox 851 1583 1016 1654; x_wconf 86' lang='lat' dir='ltr'>primo</span> <span class='ocrx_word' id='word_1_106' title='bbox 1041 1582 1272 1655; x_wconf 88' lang='lat' dir='ltr'>quidem,</span> <span class='ocrx_word' id='word_1_107' title='bbox 1296 1583 1414 1654; x_wconf 89' lang='lat' dir='ltr'>quia</span> <span class='ocrx_word' id='word_1_108' title='bbox 1443 1593 1498 1635; x_wconf 88' lang='lat' dir='ltr'>ut</span> <span class='ocrx_word' id='word_1_109' title='bbox 1526 1583 1601 1635; x_wconf 82' lang='lat' dir='ltr'>di·</span> <span class='ocrx_word' id='word_1_110' title='bbox 1658 1603 1661 1605; x_wconf 59' lang='grc'>’</span> 
     </span>
     <span class='ocr_line' id='line_1_18' title="bbox 77 1657 1599 1727; baseline 0.002 -16"><span class='ocrx_word' id='word_1_111' title='bbox 77 1657 152 1725; x_wconf 82' lang='lat' dir='ltr'>xi,</span> <span class='ocrx_word' id='word_1_112' title='bbox 193 1660 431 1714; x_wconf 87' lang='lat' dir='ltr'>eumdem</span> <span class='ocrx_word' id='word_1_113' title='bbox 471 1669 730 1715; x_wconf 82' lang='lat' dir='ltr'>auctorem</span> <span class='ocrx_word' id='word_1_114' title='bbox 771 1659 983 1727; x_wconf 80' lang='lat' dir='ltr'>redolet,</span> <span class='ocrx_word' id='word_1_115' title='bbox 1012 1672 1060 1713; x_wconf 89' lang='lat' dir='ltr'>et</span> <span class='ocrx_word' id='word_1_116' title='bbox 1100 1659 1220 1714; x_wconf 90' lang='lat' dir='ltr'>hinc</span> <span class='ocrx_word' id='word_1_117' title='bbox 1258 1659 1599 1714; x_wconf 79' lang='lat' dir='ltr'>demonstrata</span> 
     </span>
     <span class='ocr_line' id='line_1_19' title="bbox 66 1735 1600 1808; baseline 0.003 -21"><span class='ocrx_word' id='word_1_118' title='bbox 66 1735 262 1806; x_wconf 62' lang='lat' dir='ltr'>‘prioris</span> <span class='ocrx_word' id='word_1_119' title='bbox 302 1736 613 1808; x_wconf 82' lang='lat' dir='ltr'>genuinitate</span> <span class='ocrx_word' id='word_1_120' title='bbox 653 1747 703 1791; x_wconf 89' lang='lat' dir='ltr'>et</span> <span class='ocrx_word' id='word_1_121' title='bbox 745 1738 1055 1807; x_wconf 81' lang='lat' dir='ltr'>integritate,</span> <span class='ocrx_word' id='word_1_122' title='bbox 1080 1737 1142 1792; x_wconf 91' lang='lat' dir='ltr'>de</span> <span class='ocrx_word' id='word_1_123' title='bbox 1187 1736 1343 1790; x_wconf 79' lang='lat' dir='ltr'>altera</span> <span class='ocrx_word' id='word_1_124' title='bbox 1397 1753 1600 1807; x_wconf 90' lang='lat' dir='ltr'>quoque</span> 
     </span>
     <span class='ocr_line' id='line_1_20' title="bbox 81 1811 1599 1884; baseline 0.002 -20"><span class='ocrx_word' id='word_1_125' title='bbox 81 1811 299 1884; x_wconf 88' lang='lat' dir='ltr'>idipsum</span> <span class='ocrx_word' id='word_1_126' title='bbox 339 1813 738 1868; x_wconf 83' lang='lat' dir='ltr'>demonstratum</span> <span class='ocrx_word' id='word_1_127' title='bbox 779 1814 895 1882; x_wconf 79' lang='lat' dir='ltr'>erit3</span> <span class='ocrx_word' id='word_1_128' title='bbox 936 1814 1118 1869; x_wconf 85' lang='lat' dir='ltr'>deinde</span> <span class='ocrx_word' id='word_1_129' title='bbox 1158 1831 1304 1884; x_wconf 76' lang='lat' dir='ltr'>vem,</span> <span class='ocrx_word' id='word_1_130' title='bbox 1334 1815 1449 1884; x_wconf 85' lang='lat' dir='ltr'>quia</span> <span class='ocrx_word' id='word_1_131' title='bbox 1480 1830 1599 1867; x_wconf 86' lang='lat' dir='ltr'>cum</span> 
     </span>
     <span class='ocr_line' id='line_1_21' title="bbox 77 1889 1601 1945; baseline 0 -3"><span class='ocrx_word' id='word_1_132' title='bbox 77 1889 298 1944; x_wconf 87' lang='lat' dir='ltr'>secunda</span> <span class='ocrx_word' id='word_1_133' title='bbox 338 1890 582 1945; x_wconf 82' lang='lat' dir='ltr'>lucidiora</span> <span class='ocrx_word' id='word_1_134' title='bbox 614 1891 899 1945; x_wconf 85' lang='lat' dir='ltr'>testimonia</span> <span class='ocrx_word' id='word_1_135' title='bbox 921 1891 1178 1945; x_wconf 84' lang='lat' dir='ltr'>contineat</span> <span class='ocrx_word' id='word_1_136' title='bbox 1200 1891 1417 1944; x_wconf 88' lang='lat' dir='ltr'>duarum</span> <span class='ocrx_word' id='word_1_137' title='bbox 1444 1889 1601 1943; x_wconf 89' lang='lat' dir='ltr'>Chri-</span> 
     </span>
     <span class='ocr_line' id='line_1_22' title="bbox 79 1966 1599 2040; baseline 0.001 -22"><span class='ocrx_word' id='word_1_138' title='bbox 79 1966 138 2019; x_wconf 88' lang='lat' dir='ltr'>sti</span> <span class='ocrx_word' id='word_1_139' title='bbox 181 1977 498 2035; x_wconf 73' lang='lat' dir='ltr'>mmi-arum,</span> <span class='ocrx_word' id='word_1_140' title='bbox 522 1984 655 2040; x_wconf 85' lang='lat' dir='ltr'>quae</span> <span class='ocrx_word' id='word_1_141' title='bbox 679 1969 729 2021; x_wconf 86' lang='lat' dir='ltr'>in</span> <span class='ocrx_word' id='word_1_142' title='bbox 769 1968 960 2030; x_wconf 75' lang='lat' dir='ltr'>unitate</span> <span class='ocrx_word' id='word_1_143' title='bbox 1002 1986 1248 2039; x_wconf 85' lang='lat' dir='ltr'>personae</span> <span class='ocrx_word' id='word_1_144' title='bbox 1278 1968 1482 2021; x_wconf 89' lang='lat' dir='ltr'>divinae</span> <span class='ocrx_word' id='word_1_145' title='bbox 1505 1984 1599 2020; x_wconf 88' lang='lat' dir='ltr'>co—</span> 
     </span>
     <span class='ocr_line' id='line_1_23' title="bbox 80 2041 1599 2118; baseline 0.002 -24"><span class='ocrx_word' id='word_1_146' title='bbox 80 2041 301 2113; x_wconf 81' lang='lat' dir='ltr'>pulatae,</span> <span class='ocrx_word' id='word_1_147' title='bbox 338 2042 567 2118; x_wconf 83' lang='lat' dir='ltr'>propria</span> <span class='ocrx_word' id='word_1_148' title='bbox 612 2050 895 2118; x_wconf 79' lang='lat' dir='ltr'>operentur</span> <span class='ocrx_word' id='word_1_149' title='bbox 923 2086 941 2116; x_wconf 84' lang='lat'>‚</span> <span class='ocrx_word' id='word_1_150' title='bbox 999 2041 1200 2116; x_wconf 72' lang='lat' dir='ltr'>sintque</span> <span class='ocrx_word' id='word_1_151' title='bbox 1239 2042 1599 2118; x_wconf 77' lang='lat' dir='ltr'>operatrice33</span> 
     </span>
     <span class='ocr_line' id='line_1_24' title="bbox 56 2115 1598 2199; baseline 0.002 -28"><span class='ocrx_word' id='word_1_152' title='bbox 56 2115 198 2199; x_wconf 31' lang='lat' dir='ltr'>x&#39;(qua</span> <span class='ocrx_word' id='word_1_153' title='bbox 237 2122 480 2176; x_wconf 87' lang='lat' dir='ltr'>sententia</span> <span class='ocrx_word' id='word_1_154' title='bbox 521 2121 962 2176; x_wconf 89' lang='lat' dir='ltr'>monotheliticum</span> <span class='ocrx_word' id='word_1_155' title='bbox 1002 2132 1354 2176; x_wconf 82' lang='lat' dir='ltr'>commentum</span> <span class='ocrx_word' id='word_1_156' title='bbox 1385 2121 1598 2174; x_wconf 91' lang='lat' dir='ltr'>omnino</span> 
     </span>
     <span class='ocr_line' id='line_1_25' title="bbox 79 2194 1595 2272; baseline 0.001 -23"><span class='ocrx_word' id='word_1_157' title='bbox 79 2196 339 2272; x_wconf 78' lang='lat' dir='ltr'>evertitur)</span> <span class='ocrx_word' id='word_1_158' title='bbox 381 2216 483 2252; x_wconf 91' lang='lat' dir='ltr'>non</span> <span class='ocrx_word' id='word_1_159' title='bbox 524 2209 686 2269; x_wconf 87' lang='lat' dir='ltr'>potest</span> <span class='ocrx_word' id='word_1_160' title='bbox 726 2194 853 2253; x_wconf 83' lang='lat' dir='ltr'>haec</span> <span class='ocrx_word' id='word_1_161' title='bbox 893 2210 1003 2253; x_wconf 90' lang='lat' dir='ltr'>orta</span> <span class='ocrx_word' id='word_1_162' title='bbox 1042 2216 1105 2252; x_wconf 86' lang='lat' dir='ltr'>ex</span> <span class='ocrx_word' id='word_1_163' title='bbox 1146 2197 1595 2252; x_wconf 88' lang='lat' dir='ltr'>monothelitarum</span> 
     </span>
     <span class='ocr_line' id='line_1_26' title="bbox 81 2271 1600 2349; baseline 0.002 -24"><span class='ocrx_word' id='word_1_164' title='bbox 81 2271 336 2328; x_wconf 81' lang='lat' dir='ltr'>fraudibus</span> <span class='ocrx_word' id='word_1_165' title='bbox 357 2276 577 2342; x_wconf 81' lang='lat' dir='ltr'>delendi,</span> <span class='ocrx_word' id='word_1_166' title='bbox 607 2278 645 2329; x_wconf 90' lang='lat' dir='ltr'>si</span> <span class='ocrx_word' id='word_1_167' title='bbox 676 2277 969 2347; x_wconf 86' lang='lat' dir='ltr'>praesertim</span> <span class='ocrx_word' id='word_1_168' title='bbox 994 2293 1155 2346; x_wconf 88' lang='lat' dir='ltr'>neque</span> <span class='ocrx_word' id='word_1_169' title='bbox 1185 2275 1401 2349; x_wconf 85' lang='lat' dir='ltr'>primam</span> <span class='ocrx_word' id='word_1_170' title='bbox 1425 2290 1452 2327; x_wconf 90' lang='lat' dir='ltr'>a</span> <span class='ocrx_word' id='word_1_171' title='bbox 1481 2291 1600 2328; x_wconf 90' lang='lat' dir='ltr'>mo-</span> 
     </span>
     <span class='ocr_line' id='line_1_27' title="bbox 64 2349 1364 2424; baseline 0 -21"><span class='ocrx_word' id='word_1_172' title='bbox 64 2349 339 2406; x_wconf 81' lang='lat' dir='ltr'>nothelitis</span> <span class='ocrx_word' id='word_1_173' title='bbox 370 2353 620 2424; x_wconf 83' lang='lat' dir='ltr'>originem</span> <span class='ocrx_word' id='word_1_174' title='bbox 662 2353 858 2407; x_wconf 85' lang='lat' dir='ltr'>duxisse</span> <span class='ocrx_word' id='word_1_175' title='bbox 886 2352 1364 2407; x_wconf 85' lang='lat' dir='ltr'>demonstraverim.</span> 
     </span>
    </p>

    <p class='ocr_par' dir='ltr' id='par_1_5' title="bbox 82 2428 1598 2814">
     <span class='ocr_line' id='line_1_28' title="bbox 161 2428 1593 2502; baseline 0 -21"><span class='ocrx_word' id='word_1_176' title='bbox 161 2429 355 2495; x_wconf 87' lang='lat' dir='ltr'>Quibus</span> <span class='ocrx_word' id='word_1_177' title='bbox 394 2430 699 2502; x_wconf 78' lang='lat' dir='ltr'>praemissis·</span> <span class='ocrx_word' id='word_1_178' title='bbox 744 2428 939 2501; x_wconf 87' lang='lat' dir='ltr'>Cuique</span> <span class='ocrx_word' id='word_1_179' title='bbox 994 2439 1150 2501; x_wconf 86' lang='lat' dir='ltr'>patet,</span> <span class='ocrx_word' id='word_1_180' title='bbox 1192 2428 1378 2499; x_wconf 82' lang='lat' dir='ltr'>duplex</span> <span class='ocrx_word' id='word_1_181' title='bbox 1418 2444 1445 2480; x_wconf 81' lang='lat' dir='ltr'>a</span> <span class='ocrx_word' id='word_1_182' title='bbox 1488 2428 1593 2481; x_wconf 88' lang='lat' dir='ltr'>cri-</span> 
     </span>
     <span class='ocr_line' id='line_1_29' title="bbox 82 2504 1598 2577; baseline -0.003 -14"><span class='ocrx_word' id='word_1_183' title='bbox 82 2507 190 2563; x_wconf 82' lang='lat' dir='ltr'>ticis</span> <span class='ocrx_word' id='word_1_184' title='bbox 230 2507 470 2561; x_wconf 83' lang='lat' dir='ltr'>indicium</span> <span class='ocrx_word' id='word_1_185' title='bbox 512 2507 755 2577; x_wconf 84' lang='lat' dir='ltr'>assignari</span> <span class='ocrx_word' id='word_1_186' title='bbox 816 2507 878 2560; x_wconf 86' lang='lat' dir='ltr'>ad</span> <span class='ocrx_word' id='word_1_187' title='bbox 923 2506 1320 2575; x_wconf 81' lang='lat' dir='ltr'>dignoscendam</span> <span class='ocrx_word' id='word_1_188' title='bbox 1387 2504 1598 2558; x_wconf 75' lang='lat' dir='ltr'>alicuius</span> 
     </span>
     <span class='ocr_line' id='line_1_30' title="bbox 82 2582 1598 2655; baseline -0.004 -14"><span class='ocrx_word' id='word_1_189' title='bbox 82 2583 258 2655; x_wconf 90' lang='lat' dir='ltr'>scripti</span> <span class='ocrx_word' id='word_1_190' title='bbox 301 2584 687 2653; x_wconf 77' lang='lat' dir='ltr'>genuinitatem3</span> <span class='ocrx_word' id='word_1_191' title='bbox 710 2583 843 2636; x_wconf 85' lang='lat' dir='ltr'>aliud</span> <span class='ocrx_word' id='word_1_192' title='bbox 872 2584 1232 2649; x_wconf 85' lang='lat' dir='ltr'>extrinsecum,</span> <span class='ocrx_word' id='word_1_193' title='bbox 1272 2582 1423 2635; x_wconf 88' lang='lat' dir='ltr'>situm</span> <span class='ocrx_word' id='word_1_194' title='bbox 1449 2598 1598 2635; x_wconf 84' lang='lat' dir='ltr'>nem-</span> 
     </span>
     <span class='ocr_line' id='line_1_31' title="bbox 84 2659 1595 2736; baseline -0.001 -24"><span class='ocrx_word' id='word_1_195' title='bbox 84 2681 171 2736; x_wconf 83' lang='lat' dir='ltr'>pe,</span> <span class='ocrx_word' id='word_1_196' title='bbox 214 2660 263 2712; x_wconf 93' lang='lat' dir='ltr'>in</span> <span class='ocrx_word' id='word_1_197' title='bbox 295 2660 578 2714; x_wconf 90' lang='lat' dir='ltr'>testimonio</span> <span class='ocrx_word' id='word_1_198' title='bbox 608 2661 913 2731; x_wconf 79' lang='lat' dir='ltr'>seriptorum</span> <span class='ocrx_word' id='word_1_199' title='bbox 944 2659 1237 2731; x_wconf 84' lang='lat' dir='ltr'>praesertim</span> <span class='ocrx_word' id='word_1_200' title='bbox 1265 2674 1595 2730; x_wconf 85' lang='lat' dir='ltr'>coaevorum,</span> 
     </span>
     <span class='ocr_line' id='line_1_32' title="bbox 84 2735 1594 2814; baseline -0.004 -19"><span class='ocrx_word' id='word_1_201' title='bbox 84 2738 169 2814; x_wconf 90' lang='lat' dir='ltr'>qui</span> <span class='ocrx_word' id='word_1_202' title='bbox 211 2735 463 2791; x_wconf 73' lang='lat' dir='ltr'>arsrment</span> <span class='ocrx_word' id='word_1_203' title='bbox 491 2756 518 2793; x_wconf 84' lang='lat' dir='ltr'>a</span> <span class='ocrx_word' id='word_1_204' title='bbox 546 2736 633 2792; x_wconf 81' lang='lat' dir='ltr'>tali</span> <span class='ocrx_word' id='word_1_205' title='bbox 663 2748 865 2793; x_wconf 85' lang='lat' dir='ltr'>auctore</span> <span class='ocrx_word' id='word_1_206' title='bbox 894 2737 991 2792; x_wconf 86' lang='lat' dir='ltr'>talc</span> <span class='ocrx_word' id='word_1_207' title='bbox 1031 2736 1271 2810; x_wconf 84' lang='lat' dir='ltr'>prodiisse</span> <span class='ocrx_word' id='word_1_208' title='bbox 1310 2736 1417 2791; x_wconf 86' lang='lat' dir='ltr'>sive</span> <span class='ocrx_word' id='word_1_209' title='bbox 1447 2753 1594 2808; x_wconf 77' lang='lat' dir='ltr'>opuS,</span> 
     </span>
    </p>
   </div>
  </div>
 </body>
</html>
