1780 3038
249 290 275 325 (ι
322 270 593 326 Ecclesiam
638 268 860 340 Cptanae
911 264 1164 318 Ecclesiae
1217 259 1468 332 praesules
1508 260 1742 317 introdu-

249 368 275 400 «ι
320 366 432 402 cere
471 347 800 410 conabantur,
843 358 1117 411 numquam
1140 339 1468 408 neglexerunt
1493 356 1578 393 eos
1617 339 1746 394 hor-

248 444 275 476 «
322 427 435 491 tari,
478 434 530 475 ut
568 440 595 475 a
636 420 777 492 pravi
819 418 1065 487 dogmatis
1105 415 1356 468 haeretico
1404 432 1598 483 errore,
1638 416 1745 469 sal-

248 519 274 552 <t
323 512 419 554 tem
443 498 650 552 tacendo
672 496 981 559 desisterent,
1013 510 1075 546 ne
1097 510 1159 545 ex
1186 490 1284 545 hoc
1323 492 1587 545 exordium
1640 493 1747 546 dis-

247 594 275 628 a
316 577 424 630 sidii
466 575 515 627 in
554 573 741 626 unitate
767 570 1016 624 Ecclesiae
1074 569 1292 622 facerent
1319 585 1472 622 unam
1512 568 1751 623 volunta-

246 673 273 707 «
317 663 416 705 tem
446 692 463 721 ,
504 665 755 720 unamque
794 647 1140 718 operationem
1180 644 1394 697 duarum
1449 655 1746 700 naturarum

246 749 273 782 (ι
316 738 583 781 asserentes
623 726 672 778 in
714 740 815 776 uno
874 723 1099 776 Domino
1137 720 1319 775 Nostro
1359 720 1470 774 Iesu
1521 720 1742 776 Christo.

316 805 429 869 Quo
459 805 508 856 in
538 800 842 867 testimoni03
868 800 952 870 qui
985 815 1141 869 pravo
1169 797 1396 868 dogmati
1430 796 1747 853 Monotheli-

241 891 406 934 tarum
445 879 651 944 obstitit,
691 876 946 930 silentium
975 874 1264 940 indicendo,
1293 885 1426 930 certe
1449 875 1747 930 suitHono-·‘

243 958 362 1010 rius·
405 959 469 1009 At
509 958 769 1009 universae
808 952 1080 1006 sententiae
1108 968 1236 1024 quae
1278 951 1328 1004 in
1367 951 1587 1024 epistolis
1637 952 1746 1005 eius

241 1033 493 1087 silentium
552 1030 868 1102 respiciunt,
910 1040 1173 1084 versantur
1230 1027 1362 1082 circa
1429 1029 1744 1100 operationes

243 1109 445 1177 Christi,
475 1115 531 1161 ut
552 1108 737 1179 patebit
763 1105 1022 1178 epistolam
1046 1104 1252 1177 legenti,
1276 1117 1325 1159 et
1352 1107 1514 1176 capite
1536 1122 1746 1177 sequen-

242 1186 278 1237 ti
320 1185 614 1239 luculentius
651 1200 919 1255 exponam.
990 1183 1127 1252 Ergo
1168 1182 1230 1235 de
1269 1182 1646 1256 operationibus
1691 1183 1744 1237 in

241 1262 342 1316 suis
380 1261 598 1333 epistolis
635 1260 890 1314 Honorius
930 1260 1123 1313 locutus
1161 1269 1251 1312 est.

318 1339 509 1403 Quibus
545 1339 583 1392 si
625 1338 733 1409 quis
773 1337 940 1407 addat,
981 1346 1266 1390 accuratam
1293 1333 1617 1389 collationem
1659 1335 1744 1389 in-

240 1415 460 1469 stitutam
488 1432 591 1469 esse
615 1414 663 1467 in
692 1412 986 1485 VLsynodo
1015 1413 1208 1486 primae
1235 1412 1341 1466 eius
1367 1412 1605 1484 epistolae
1625 1429 1742 1469 cum

239 1488 545 1546 authentica
584 1487 799 1564 epistola
826 1487 1016 1556 latina,
1045 1507 1174 1561 quae
1194 1489 1543 1543 asservabatur
1571 1489 1622 1543 in
1663 1499 1744 1543 ta-

240 1566 435 1625 bulario
474 1567 725 1621 Ecclesiae
773 1566 1018 1638 Cptanae;
1045 1566 1323 1637 etquidem
1352 1583 1454 1620 non
1483 1567 1546 1620 ab
1571 1565 1741 1639 aliquo

241 1643 457 1709 Graeco,
499 1645 583 1697 sed
624 1661 648 1697 a
691 1645 881 1697 Ioanne
921 1645 1173 1715 Episcopo
1198 1644 1461 1697 Portuensi
1502 1642 1742 1697 occiden-

239 1719 350 1774 talis
407 1721 657 1776 Ecclesiae
696 1720 758 1774 ad
798 1721 1048 1793 synodum
1113 1721 1280 1791 legato
1305 1756 1322 1787 ,
1362 1737 1576 1791 eamque
1621 1736 1741 1776 cum

239 1795 526 1854 authentico
565 1796 841 1868 exemplari
883 1798 934 1851 in
974 1797 1210 1851 omnibus
1249 1797 1558 1851 concordare
1614 1796 1749 1851 fuis-7

237 1890 291 1926 se
360 1884 610 1944 repertam
641 1914 658 1944 ‚
699 1873 1055 1929 demonstratio
1115 1874 1340 1928 confecta
1399 1874 1558 1929 videri
1616 1890 1740 1946 pos-

237 1958 329 2002 set.
398 1951 656 2022 Siquidem
696 1967 799 2005 non
865 1951 962 2004 alia
1002 1951 1199 2006 ratione
1259 1950 1559 2005 refutaretur
1585 1991 1603 2023 ‚
1645 1951 1738 2006 nisi

238 2026 539 2081 affirmando
573 2064 589 2094 ,
632 2026 712 2081 vel
753 2037 860 2081 acta
893 2028 1084 2101 Synodi
1113 2028 1155 2081 V
1162 2027 1202 2082 1.
1236 2027 1286 2081 in
1310 2026 1536 2099 hisquae
1574 2029 1740 2100 respi-

236 2103 375 2155 ciunt
413 2101 700 2158 Honorium
739 2106 993 2177 supposita
1033 2114 1082 2158 et
1123 2104 1441 2176 interpolata3
1469 2104 1548 2158 vel
1573 2105 1738 2176 ipsum

237 2178 581 2234 authenticum
620 2182 879 2252 exemplar
918 2182 1156 2236 Latinum
1197 2183 1342 2236 fuisse
1370 2180 1738 2236 Monothelita-

236 2271 349 2308 rum
390 2257 562 2311 fraude
601 2269 933 2329 corruptum;
974 2269 1024 2312 at
1063 2269 1173 2313 acta
1212 2269 1379 2312 sextae
1419 2258 1737 2331 Synodiesse

237 2331 524 2404 incorrupta
589 2331 739 2387 huius
801 2335 1176 2389 Dissertationis
1240 2336 1454 2388 decursu
1518 2336 1738 2390 demon-

235 2410 422 2476 strabo3
464 2410 631 2463 suisset
679 2428 800 2465 vero
841 2412 1113 2467 certissime
1140 2411 1449 2482 deprehensa
1478 2412 1735 2484 corruptio

235 2485 532 2557 exemplaris
591 2485 863 2542 authentici
897 2525 913 2555 ,
953 2490 1060 2544 sive
1099 2507 1163 2544 ex
1202 2489 1464 2543 literarum
1518 2488 1737 2544 diversi-

236 2569 380 2627 tate,
439 2563 545 2616 sive
604 2581 670 2617 ex
727 2565 1124 2632 additamentiS,
1184 2583 1313 2636 quae
1371 2566 1434 2619 ad
1494 2565 1616 2619 illud
1655 2566 1741 2619 fa-

232 2646 311 2688 cta
351 2649 531 2704 essent,
596 2657 724 2710 quae
766 2647 840 2695 tot
877 2659 981 2695 esse
1039 2642 1257 2696 debuere
1281 2679 1298 2709 ,
1338 2652 1460 2714 quot
1499 2640 1588 2716 (et
1626 2642 1745 2696 for-1

236 2720 358 2766 tasse
380 2713 537 2785 plura)
561 2716 696 2770 suere
717 2718 1051 2771 additamenta
1073 2735 1204 2790 quae
1249 2719 1426 2773 citatus
1453 2729 1628 2774 auctor
1654 2719 1733 2772 fa·-

234 2798 313 2851 cta
339 2806 368 2844 a
400 2790 741 2849 Monothelitis
770 2795 820 2848 in
840 2794 1047 2868 epistola
1068 2795 1231 2868 Sergii
1260 2796 1498 2868 affirmat,
1525 2796 1632 2855 sive
1668 2813 1732 2853 ex
