1780 3038
265 253 438 321 dicite,
477 267 539 306 cx
578 247 696 303 actis
734 246 942 302 Concilii
983 237 1350 298 evidentissime
1377 246 1587 292 constat.
1621 237 1751 291 Cum

269 332 455 402 itaque,
498 326 605 380 ideo
633 343 661 378 e
689 321 1008 377 Patriarchae
1048 316 1314 370 Tabulario
1355 315 1551 367 codices
1601 315 1755 367 asser«-

271 418 465 470 rentur‚
510 413 563 455 ut
603 402 735 453 fraus
776 399 937 450 omnis
976 415 1004 449 e
1045 396 1208 447 medio
1252 390 1563 462 pelleretur3
1604 402 1755 460 atque

267 484 329 535 de
369 491 530 535 cetero
571 475 733 528 nullus
776 474 837 526 de
877 472 1048 524 fraude
1089 471 1250 540 aliqua
1292 480 1490 538 questus
1514 468 1598 531 sit,
1639 484 1755 520 eum

268 556 473 627 epistola
514 552 670 619 Sergii
732 550 790 602 ad
831 549 1116 601 Honorium
1175 562 1289 598 eum
1330 542 1626 597 authenticis
1665 560 1758 596 eo·-

267 633 456 686 dicibus
519 628 867 692 conferretur3
908 625 1006 677 duo
1046 630 1368 692 sequuntur3
1408 630 1456 672 et
1494 619 1759 690 exemplar

267 708 468 761 allatum
513 718 574 757 ex
601 701 841 756 Archivio
865 698 1185 753 Patriarchae
1213 695 1556 751 authenticum
1586 696 1762 748 omni-

265 801 331 837 no
373 783 536 846 suisse3
580 790 629 833 et
668 777 926 849 epistolam
965 775 1126 845 Sergi-i
1161 774 1248 827 etsi
1292 790 1317 825 a
1360 772 1583 825 Macar-io
1615 772 1769 826 obla-f

266 871 366 912 tam
426 857 569 910 luisse
608 855 814 908 omnino
856 855 1195 922 incorruptam
1218 846 1305 923 (a).

335 935 429 1005 Eja
469 943 654 986 tamen.
698 931 749 983 Si
810 940 910 983 tam
970 929 1112 982 foede
1170 925 1295 980 haec
1351 924 1512 995 Sergii
1553 923 1762 998 epistola

321 1135 374 1192 (a)
402 1132 568 1178 vivente
599 1129 738 1187 Sergio
764 1163 774 1181 ,
805 1126 909 1171 hanc
940 1126 1143 1184 epistolam
1164 1125 1281 1169 fuisse
1311 1131 1532 1183 corruptam
1578 1125 1765 1173 difficilli-

263 1206 367 1237 mum
395 1200 520 1252 put03
553 1204 643 1233 eum
665 1223 675 1238 ,
709 1188 863 1232 nonnisi
911 1186 995 1244 ipso
1026 1186 1185 1229 vidente
1234 1192 1274 1228 et
1303 1184 1511 1242 probante,
1546 1184 1651 1230 fraus
1691 1187 1764 1232 ad⁴

265 1252 368 1295 'mitti
400 1250 594 1318 potuerit.
627 1246 793 1291 Etiamsi
823 1246 929 1289 enim
960 1245 1050 1303 ipse
1080 1243 1278 1288 silentium
1328 1242 1378 1286 ab
1417 1241 1595 1287 Honorio
1636 1245 1764 1306 impe*

266 1317 430 1353 traverit
455 1342 465 1360 ‚
499 1316 627 1351 tamen
659 1319 785 1363 neque
816 1317 838 1346 a
869 1303 1148 1353 Monotbelitis‚
1183 1315 1310 1359 neque
1336 1310 1624 1355 consequenter
1650 1316 1673 1348 a
1693 1316 1766 1349 cn..

265 1368 434 1416 tholicis.
469 1366 600 1410 saltem
632 1364 860 1423 generatim,
883 1364 996 1406 fuisse
1013 1371 1220 1411 servatum,
1245 1368 1367 1420 patet,
1380 1366 1426 1406 nt
1439 1359 1514 1405 alia
1533 1354 1766 1410 documenta

262 1435 525 1484 praeteream,
549 1428 660 1481 quod
679 1425 728 1466 ab
751 1423 814 1466 illa
831 1424 896 1465 die
914 1421 964 1464 ad
992 1421 1208 1464 Concilium
1227 1418 1293 1463 Ἢ.
1311 1430 1486 1477 quaestio
1509 1433 1586 1463 non
1600 1423 1767 1478 quieve-

266 1484 332 1528 rit.
347 1483 478 1539 Quare
492 1493 573 1527 tum
587 1481 828 1538 Sergii‚tum
847 1480 1014 1526 Honorii
1045 1479 1238 1538 epistolae
1260 1480 1431 1522 omnium
1463 1478 1644 1523 manibus
1673 1492 1766 1525 ver·-

265 1543 343 1586 sari
375 1556 398 1585 o
428 1542 565 1591 ortuit,
601 1548 645 1583 ut
670 1541 709 1583 in
742 1539 933 1596 ejusmodi
965 1537 1258 1598 quaestionibus
1278 1537 1485 1595 contingit.
1515 1535 1605 1581 Non
1636 1540 1767 1596 potuit

266 1601 386 1658 igitur
401 1555 531 1657 gergii
547 1598 712 1657 epistola
745 1599 955 1656 eorrumpi,
982 1599 1073 1655 quin
1108 1596 1214 1639 illico
1245 1597 1334 1654 ipse
1366 1595 1541 1640 fraudem
1572 1609 1768 1653 agnosce-

267 1667 342 1709 ret,
365 1667 405 1702 et
437 1658 487 1702 de
509 1672 554 1702 ea
589 1665 832 1714 quereretur,
857 1657 1083 1714 praesertim
1106 1669 1208 1705 cum,
1232 1664 1274 1698 ut
1293 1654 1502 1698 arbitratur
1518 1653 1767 1703 doctissimus

268 1715 488 1767 Bartholus,
521 1716 647 1760 vellet
673 1715 775 1771 apud
809 1714 1022 1759 Romanum
1046 1714 1272 1758 Pantificem
1299 1714 1438 1757 latere.
1473 1712 1572 1767 Quis
1602 1713 1765 1774 insuper

268 1783 345 1818 tam
377 1775 504 1819 audax
535 1776 607 1818 fuit
633 1808 643 1824 ‚
692 1782 736 1816 ut
768 1773 839 1816 sub
884 1772 1130 1817 Patriarchae
1174 1771 1313 1829 Cptani
1356 1772 1480 1815 oculis
1510 1786 1764 1832 corrumpere

267 1834 351 1891 ejus
384 1833 433 1876 ad
466 1833 586 1877 Rom.
626 1831 857 1876 Pontificem
890 1832 1092 1889 epistolam
1124 1829 1308 1874 auderet?
1342 1829 1393 1874 Et
1423 1830 1619 1887 quomodo
1651 1832 1767 1878 dein·

267 1905 360 1951 ceps
396 1892 540 1935 factum
574 1900 648 1941 est,
684 1892 799 1934 etiam
834 1898 925 1948 post
966 1890 1094 1948 Sergii
1127 1897 1295 1939 nortem,
1332 1898 1376 1933 ut
1405 1889 1582 1948 exmplar
1600 1903 1769 1951 corrup-

268 1957 367 1999 tum,
401 1958 442 1994 et
474 1964 550 1993 non
585 1951 794 2006 genuinum
827 1949 865 1992 in
910 1948 1100 1992 Archivio
1158 1949 1449 2005 reponeretur?
1498 1947 1766 1995 authenticum

270 2010 373 2052 enim
405 2009 606 2066 exemplar
638 2008 739 2066 apud
770 2007 957 2065 Sergium
993 2007 1225 2051 remansisse
1254 2007 1507 2050 certissimam
1529 2021 1608 2050 rem
1640 2007 1766 2058 habe-

270 2080 314 2110 re
344 2066 544 2115 debemus,
578 2081 627 2111 ne
667 2067 859 2115 dicamus.
894 2079 941 2109 eo
972 2067 1138 2109 vivente
1165 2064 1245 2123 jam
1287 2065 1329 2109 in
1375 2065 1564 2109 Archivio
1594 2067 1764 2112 Patriar-

271 2123 372 2168 chaii
405 2126 633 2183 repositum,
668 2133 712 2168 ut
741 2125 828 2168 fieri
857 2125 972 2168 solet.
1014 2123 1072 2168 De
1098 2133 1246 2174 cetero,
1283 2138 1372 2167 cum
1403 2124 1489 2182 ipse
1519 2125 1558 2167 ln
1590 2123 1768 2185 Epistola

266 2183 315 2226 ad
347 2181 559 2226 Honorium
591 2197 705 2227 uuam
740 2185 1000 2235 voluntatem,
1035 2192 1075 2226 et
1107 2197 1223 2226 unam
1260 2182 1543 2241 operationen,
1578 2186 1652 2229 etsi
1682 2184 1770 2229 aliis

270 2241 432 2291 verbis,
466 2243 660 2300 professus
690 2241 774 2295 sit;
811 2242 947 2285 deerat
988 2242 1265 2285 Monothelitis
1299 2243 1416 2284 etiam
1449 2242 1537 2285 finis
1575 2242 1768 2302 epistolae

269 2300 587 2358 corrumpendae,
621 2307 664 2344 ut
695 2301 845 2357 paucis,
880 2315 960 2344 rem
1009 2300 1234 2359 expediam.
1275 2298 1363 2342 Non
1398 2313 1501 2357 nego
1535 2308 1667 2347 tamen
1698 2302 1771 2345 vi·-

267 2357 450 2401 ventibus
483 2360 599 2402 etiam
631 2361 875 2409 auctoribus,
925 2359 1070 2418 scripta
1103 2366 1283 2417 corrupta
1316 2359 1449 2418 luisse:
1484 2357 1541 2409 id,
1574 2369 1618 2405 ut
1672 2359 1772 2404 alios

268 2416 591 2472 praetermittam,
628 2417 844 2461 luculenter
875 2419 1064 2475 probavit
1094 2419 1236 2461 sactum
1269 2431 1354 2460 esse
1378 2417 1482 2460 circa
1513 2417 1647 2477 Magni
1677 2417 1772 2464 Ori-

273 2474 383 2529 genis
413 2487 530 2532 opera
562 2476 808 2519 doctissimus
843 2476 1028 2535 Aloysius
1063 2476 1246 2520 Vincenzi
1281 2475 1478 2520 Romanae
1509 2476 1630 2522 decus
1658 2473 1768 2522 Uni-

270 2533 479 2583 versitatis3
512 2543 552 2576 at
583 2548 709 2591 neque
740 2535 896 2578 inficior
921 2569 931 2585 ‚
970 2535 1009 2578 id
1051 2535 1193 2579 sactum
1243 2535 1360 2579 fuisse
1406 2549 1492 2578 cum
1539 2537 1774 2595 impostores

273 2589 483 2645 sperabant
514 2591 677 2636 futurum
708 2600 751 2636 ut
785 2594 884 2636 fraus
907 2592 1060 2642 lateret.
1085 2602 1124 2637 et
1156 2594 1205 2637 de
1240 2594 1341 2637 facto
1359 2593 1534 2637 fraudem
1561 2596 1678 2638 fuisse
1693 2593 1772 2638 de-

274 2654 416 2690 tectam
449 2651 627 2694 omnibus
658 2660 788 2694 notum
835 2659 909 2695 est.
964 2651 1095 2706 Quare
1124 2652 1295 2711 idipsum
1330 2666 1409 2696 non
1454 2654 1621 2711 contigit.
1665 2653 1772 2697 circu

272 2703 374 2748 hanc
407 2705 532 2764 Sergii
561 2707 772 2766 Epistolam
795 2723 881 2753 com
907 2711 945 2755 in
970 2711 1148 2756 Concilio
1178 2711 1262 2757 170
1276 2711 1431 2756 circiter
1449 2710 1636 2772 Episcopi
1651 2712 1773 2757 {rau-

276 2758 364 2806 dem
397 2769 657 2821 quaererent?
