1780 3038
59 303 63 307 ·
105 284 411 356 «praecide
450 285 638 351 rivum,
682 291 928 357 praecisus
975 289 1168 344 arescit.
1212 290 1293 344 Sic
1332 299 1379 344 ct
1423 291 1600 345 Eccle-

56 376 63 384 ’
104 384 131 418 α
176 361 246 414 sia
291 361 493 414 Domini
538 361 646 414 luce
692 365 885 432 perlusa
930 383 1017 436 per
1050 367 1221 420 orbem
1253 376 1408 421 totum
1439 368 1603 421 radios

105 458 132 491 u
176 454 291 491 suos
330 437 563 508 porrigi13
608 456 765 491 unum
805 447 972 495 tamen
1015 444 1183 496 lumen
1208 455 1300 511 est,
1325 444 1456 513 quod
1488 445 1603 496 ubi-

105 535 131 570 «
175 531 273 584 que
312 513 606 566 diffunditur
637 553 654 581 ‚
698 532 787 568 nec
829 518 990 571 unitas
1049 521 1275 590 corporis
1321 533 1599 591 separatur.

62 604 64 606 ’
105 609 132 644 (t
180 591 368 644 Ramos
405 607 520 644 suos
561 591 610 643 in
653 592 943 646 universam
986 606 1169 647 terram
1211 597 1353 667 copia
1398 597 1608 649 uberta-

104 685 132 742 ι’(
179 667 237 720 tis
274 668 516 734 extendit,
560 668 868 738 profluentes
906 669 1110 741 largiter
1151 673 1285 725 rivos
1326 672 1472 725 latius
1509 690 1607 726 ex·-

103 760 132 794 ει
178 744 369 817 pandit,
414 762 570 796 unum
614 755 779 796 tamen
821 758 969 815 caput
1008 757 1099 813 est,
1128 758 1177 799 et
1217 749 1359 817 origo
1402 767 1527 813 utta,
1552 759 1603 802 et.

62 833 69 844 ·
105 838 130 872 t(
177 837 275 872 una
318 832 478 875 mater
507 821 850 890 foecunditatis
877 824 1176 876 successibus
1203 826 1401 895 copiosa
1437 844 1462 877 »
1505 825 1605 878 Sed

100 896 234 949 unde
275 895 406 951 hanc
447 898 689 950 unitatem
730 899 908 968 repetit
938 897 1252 970 Cyprianus?
1295 902 1372 953 Ex
1412 902 1606 971 prima-

61 993 65 1001 ·
101 982 152 1025 tu
194 974 353 1028 Petri:
396 972 675 1028 Primalns
715 972 876 1028 Pclro
914 973 1099 1041 datur,
1151 985 1208 1031 ut
1246 997 1354 1031 una
1409 973 1606 1031 Clu-isti

61 1047 351 1117 ‘Ecclesia‚
393 1058 440 1105 et
478 1047 734 1105 cathedra
774 1069 884 1104 una
923 1060 1259 1106 monstretur.
1303 1054 1469 1116 Quam
1489 1054 1609 1123 qui-

65 1148 69 1153 ·
97 1126 215 1180 dem
256 1127 557 1181 sententiam
597 1127 872 1180 sexcenties
899 1128 1241 1182 sanctissinms:
1260 1128 1439 1182 Christi
1465 1131 1609 1182 Mar-

97 1209 183 1274 tyr
222 1205 423 1275 repetit,
464 1204 547 1258 sed
591 1204 858 1274 praecipue
906 1203 1004 1275 Bp.
1040 1205 1139 1274 40,
1161 1222 1258 1275 qua
1284 1206 1462 1275 inquit:
1496 1204 1607 1259 Dc-

66 1295 71 1300 ·
97 1298 160 1333 us
182 1299 317 1334 unus
344 1289 441 1347 est,
493 1288 542 1335 cc
581 1277 823 1334 Christus
864 1299 1027 1346 unuS,
1063 1289 1107 1334 et
1135 1300 1242 1334 ωια
1274 1279 1537 1352 Ecclesia,
1562 1289 1609 1335 et

67 1377 70 1383 ’
101 1354 370 1412 cathedra
394 1376 501 1411 una
523 1375 682 1428 super
703 1355 949 1423 Petrum,
970 1353 1194 1411 Domini
1213 1354 1608 1431 vocetstcndata.

67 1446 74 1452 ·
174 1433 298 1498 Quis
337 1440 507 1487 autem
537 1433 746 1486 inficiari
781 1435 991 1504 poterit,
1015 1434 1304 1504 neutiqua-ni
1338 1434 1614 1489 Ecclesiam

70 1526 260 1563 ·unum
300 1527 418 1564 cum
469 1511 703 1564 Romano
756 1510 1001 1564 'Pontifice
1041 1527 1221 1581 corpus
1261 1507 1567 1565 consti-tuere?
1590 1549 1609 1576 ‚

70 1586 137 1639 'si
178 1589 437 1659 contingat
495 1589 557 1641 ab
586 1604 647 1641 eo
689 1588 737 1639 in
760 1587 1001 1639 sententia
1046 1588 1161 1640 fidei
1192 1587 1447 1652 dissidere,
1479 1589 1517 1639 si
1548 1605 1610 1640 eo

71 1676 422 1734 ²repugnante
442 1677 491 1718 et
513 1665 921 1728 contradicente,
964 1663 1210 1734 Episcopi
1275 1664 1322 1715 in
1367 1663 1617 1716 Conciliis

99 1743 394 1812 congregati
438 1742 627 1812 aliquid
677 1741 946 1809 deliniant,
973 1751 1286 1811 statuamque
1317 1736 1347 1793 ’ἶ
1372 1740 1613 1811 Alioquin

69 1830 392 1888 ‘sequeretur
431 1835 572 1890 posse
601 1817 872 1872 Ecclesiam
912 1817 1018 1870 sine
1059 1817 1219 1887 capite
1242 1817 1531 1886 consistere,
1561 1827 1612 1870 et

71 1909 78 1915 ·
100 1895 315 1964 proinde
355 1913 459 1949 esse
522 1895 743 1963 legitima
805 1894 1017 1948 concilia
1084 1895 1316 1948 Romano
1367 1894 1615 1948 Pontil'ice

74 1972 471 2027 *contradicente
510 1981 817 2043 congregata
852 1981 901 2025 et
939 1970 1207 2038 celebrata,
1266 1969 1485 2025 eiusdem
1527 1970 1612 2024 in.-

99 2065 250 2119 super
288 2049 485 2103 decreta
526 2050 718 2120 sperui,
758 2060 807 2102 et
847 2049 901 2101 in
940 2048 1135 2101 irritum
1175 2048 1357 2102 deduci>
1405 2047 1616 2118 impune

72 2140 262 2196 posse.
314 2127 390 2179 Ad
430 2127 550 2198 quid
595 2127 745 2196 igitur
785 2123 1009 2178 Christus
1059 2136 1207 2195 caput
1250 2141 1410 2176 unum.
1435 2125 1484 2175 in
1506 2124 1610 2177 Ec·

72 2202 248 2256 'clesia
288 2199 576 2257 constituit?
597 2204 671 2255 Ad
700 2202 819 2272 quid
861 2204 1011 2255 Petro
1052 2203 1333 2253 Primatum
1367 2196 1609 2253 contulit?

74 2296 78 2300 ·
177 2280 320 2344 Quae
358 2281 565 2352 quidem
604 2297 694 2351 pro
734 2278 973 2331 Conciliis
1011 2278 1251 2331 omnibus
1295 2276 1483 2343 valent3
1524 2277 1615 2330 sed

79 2356 263 2410 ‘multo
304 2359 466 2428 magis
506 2374 595 2430 pro
636 2356 863 2409 Concilio
908 2354 996 2407 Vt.
1038 2354 1093 2406 ln
1126 2355 1353 2408 eoenim
1392 2352 1613 2406 Ecclesist

75 2433 379 2487 ‘Orientalis
402 2434 869 2506 repraesentabatur
922 2432 1092 2500 utique
1132 2448 1164 2483 a.
1206 2430 1304 2482 suis
1333 2429 1615 2499 Episcopi’s·,

78 2510 326 2564 'Ecclesia
368 2523 536 2564 autem
584 2509 918 2563 Occidentalis
961 2506 1306 2559 tantumnodo
1348 2523 1379 2557 a
1435 2504 1617 2575 legatis

104 2585 407 2658 AgathoniS‚
449 2599 496 2641 et
540 2587 756 2641 Romani
799 2583 1031 2652 Concilii‚
1074 2584 1157 2654 qui
1201 2582 1404 2635 nomine
1443 2589 1610 2635 etau-

103 2663 330 2718 ctoritate
370 2681 550 2718 eorum
608 2664 839 2733 agebant.
884 2661 934 2713 Si
980 2659 1128 2728 igitur
1169 2660 1448 2729 probavero
1503 2669 1616 2712 tunt

104 2739 453 2810 Agathonem,
489 2753 594 2794 tum
637 2742 924 2793 Romanum
979 2734 1260 2788 Concilium
1292 2775 1308 2806 ‚
1351 2733 1483 2804 quod
1525 2752 1619 2788 rc-

105 2818 457 2889 praesentabat.
516 2817 794 2873 Ecclesiam
843 2812 1215 2867 Occidentalem
1249 2848 1266 2881 ‚
1309 2827 1618 2939 reppenasse
