1780 3038
102 260 154 302 et
185 245 490 302 Patriarcha.
521 247 692 299 Primo
716 249 852 302 enim
879 241 1192 314 Sophronius
1232 242 1296 296 ad·
1314 243 1608 298 Romanum

106 326 402 390 Pontificem
461 323 703 376 scribebat
735 361 751 389 ‚
793 337 964 377 coram
1003 335 1102 388 quo
1131 317 1283 371 fidem
1347 337 1488 372 suam
1517 337 1611 372 ex-

107 418 295 472 ponere
335 399 586 465 debebat3
626 417 650 450 a
694 400 833 469 cujus
871 395 1183 465 expositione
1243 395 1379 448 nulla
1423 396 1606 450 silentii

105 477 334 531 servandi
358 476 466 545 lege
506 472 887 546 prohibebatur,
911 471 1100 523 etiamsi
1129 471 1380 524 silentium
1413 473 1613 543 promi-

106 555 242 620 serit3
284 553 383 605 imo
423 569 484 604 ex
523 550 780 604 Ecclesiae
821 552 932 620 lege
973 563 1343 617 quamcumque
1370 551 1612 602 exorien-

107 641 206 682 tem
246 627 492 681 haeresim
531 627 575 678 ei
648 627 965 680 manifestare
1005 624 1403 693 compeiiebatur
1433 663 1449 692 ‚
1493 642 1613 678 cum

106 704 320 758 haeresis
359 712 483 757 esset
521 720 619 755 una
659 721 687 756 e
728 703 1002 774 majoribus
1040 701 1199 753 causis
1233 700 1428 769 judicio
1469 702 1613 756 Sedis

106 780 418 850 Apostolicae
477 781 756 833 reservatis.
827 780 918 832 Ilia
964 779 1168 847 insuper
1209 776 1322 831 fidei
1364 780 1610 849 expositio

106 874 208 909 non
269 866 374 909 erat
442 854 667 910 infractio
731 855 909 909 silentii
976 852 1205 925 promissi
1238 890 1254 919 ‚
1339 856 1612 926 praecipue

107 949 221 984 cum
246 932 443 984 nullum
484 939 758 999 accusaret,
790 933 1045 985 neminem
1070 931 1416 999 redargueret:
1446 933 1498 984 2.
1524 933 1615 986 So-

107 1007 348 1078 phronius
388 1024 449 1060 cx
487 1008 652 1062 officio
697 1011 962 1063 tenebatur
1005 1024 1218 1077 gregem
1256 1007 1348 1059 sibi
1374 1010 1612 1062 commis-

107 1101 216 1136 sum
255 1085 316 1137 ab
357 1083 723 1139 haereticorum
747 1086 1005 1139 fraudibus
1049 1084 1198 1150 tueri3
1232 1100 1331 1152 qua
1372 1084 1434 1138 de
1463 1101 1610 1140 causa

108 1160 357 1213 silentium
397 1177 500 1213 non
548 1172 752 1232 poterat
797 1163 1104 1227 observare,
1165 1176 1281 1212 cum
1344 1161 1616 1232 praecipue

108 1246 161 1287 ut
189 1237 312 1302 dixi,
343 1253 503 1306 neque
527 1238 686 1309 Cyrus
708 1242 843 1292 eirca
865 1255 1019 1292 unam
1051 1236 1396 1307 operationem
1426 1236 1609 1292 Christi

108 1317 314 1365 taceret..
349 1310 401 1365 3.
433 1317 658 1380 demum,
687 1315 947 1387 epistolam
977 1314 1305 1384 synodicam,
1332 1315 1438 1369 sive
1464 1329 1613 1368 com-

110 1389 495 1442 municatoriam
537 1390 852 1463 Sophronius
918 1393 1051 1444 misit
1091 1401 1352 1460 postquam
1392 1391 1453 1444 ad
1495 1392 1610 1446 Ho-

109 1465 308 1517 norium
371 1466 572 1536 Sergius
610 1470 894 1540 scripserat;
939 1467 1012 1542 (t)
1053 1467 1114 1519 ad
1153 1478 1424 1538 utrumque
1470 1470 1610 1523 enim

108 1542 319 1594 eandem
361 1543 491 1595 misit
531 1545 814 1614 epistolam.
860 1545 969 1609 Qua
1012 1544 1073 1597 de
1113 1560 1259 1597 causa
1303 1544 1533 1615 impune,
1562 1556 1616 1599 et

109 1617 260 1669 etiam
301 1636 418 1671 vere
459 1630 651 1689 poterat
690 1623 892 1692 Sergius
922 1621 1305 1692 promissionem
1335 1621 1609 1693 Sophronii

110 1693 242 1744 circa
280 1694 531 1747 silentium
562 1699 865 1753 servandum
896 1715 1193 1766 recensere3
1232 1709 1286 1750 ut
1315 1698 1430 1752 inde
1458 1700 1611 1754 etiam

110 1767 309 1822 sortasse
349 1771 633 1841 Sophronio
677 1776 919 1828 invidiam
960 1775 1227 1840 conflaret,
1266 1775 1381 1828 siin
1421 1777 1615 1847 episto-

111 1843 155 1896 la
195 1862 283 1899 sua
335 1846 583 1917 Synodica
643 1852 705 1905 de
763 1853 955 1905 duabus
1014 1852 1395 1923 operationibus
1457 1854 1614 1908 verba

167 2447 225 2502 (t)
245 2446 299 2513 'ld
331 2457 499 2518 constat·
522 2465 569 2516 ex
611 2453 743 2497 verbis
774 2457 962 2514 epistolae
991 2457 1117 2514 Sergii
1147 2458 1197 2502 ad
1229 2458 1445 2504 Honorium
1472 2475 1483 2503 t
1519 2460 1626 2518 So-7'

106 2503 295 2568 phromus
323 2508 552 2553 venerabtlts
581 2508 812 2566 Monachus,
846 2517 913 2572 qui
932 2519 992 2571 (ut
1021 2531 1122 2560 nunc
1151 2531 1200 2560 σω
1220 2519 1359 2562 auditu
1386 2519 1617 2579 didicimus)

111 2560 472 2627 Ilterosolymorum
512 2570 676 2634 pree-sul
725 2580 780 2616 est
810 2575 1046 2628 ordinatus;
1092 2577 1253 2620 necdum
1296 2577 1395 2621 enim
1427 2578 1616 2623 kactenus

112 2635 273 2687 etus-ea:
302 2638 406 2666 more
436 2624 638 2683 Synodtca
667 2632 917 2688 suscep-imus;
954 2643 1031 2678 tum
1064 2648 1112 2677 ex
1166 2635 1333 2693 epistola
1365 2637 1491 2694 ipsius
1523 2635 1611 2681 Ho-

111 2691 209 2722 noru
241 2678 290 2724 N.
325 2682 366 2725 1.
398 2681 530 2728 Novas
558 2699 689 2729 vocum
719 2693 964 2745 quaestiones
993 2692 1241 2751 coqnovimus
1266 2695 1514 2740 introductas
1542 2710 1614 2751 per

112 2736 378 2806 Sophroniunt
406 2743 607 2808 quemdqm
624 2752 713 2789 tunc
734 2749 977 2801 monachum,
1011 2767 1113 2794 nunc
1140 2766 1228 2796 vcro
1251 2769 1299 2797 ιφ·
1331 2755 1473 2799 auditu
1503 2753 1610 2812 Epi-

110 2810 265 2853 scopum
297 2796 680 2858 Hierosolymntanae
709 2807 819 2850 urbis
848 2810 1115 2855 constitutum.
