1780 3038
113 205 142 240 α
184 187 337 250 sibili,
360 194 435 250 ut,
469 183 602 255 quod
646 184 822 237 nostris
863 183 1095 238 remediis
1123 183 1453 254 congruebat,
1484 202 1613 239 unus

112 284 140 318 (ι
186 275 332 334 atque
375 263 507 314 idem
566 261 812 314 mediator
869 261 962 314 Dei
1004 271 1053 314 et
1093 260 1362 316 hominum
1395 297 1411 327 ‚
1461 259 1615 315 homo

114 358 141 392 «
188 341 325 393 lesus
364 337 608 404 ChristuS‚
632 348 679 390 et
703 337 830 391 mori
859 348 1024 410 posset
1046 356 1109 391 ex
1138 355 1238 392 uno
1267 348 1316 391 et
1355 338 1484 391 mori
1514 355 1618 392 non

115 433 143 468 (ι
189 426 353 488 posset
391 432 452 468 ex
493 414 647 467 altero
695 429 742 466 ».

186 493 327 545 Idem
368 508 484 544 cum
524 489 601 544 his
640 490 748 543 aliis
799 507 832 543 α·
871 490 989 561 Agit
1028 491 1164 544 enim
1206 501 1415 562 utraque
1456 490 1617 544 forma

187 586 303 622 cum
362 568 564 621 alterius
627 567 984 622 communione
1033 569 1166 639 quod
1208 569 1470 640 proprium
1523 574 1619 635 est3

185 645 352 699 Verbo
416 644 603 698 scilicet
641 654 880 715 operante
919 645 1051 715 quod
1119 644 1270 698 Verbi
1311 655 1429 715 est,
1469 660 1621 698 carne

186 732 463 792 exequente
491 721 625 792 quod
651 722 814 775 carnis
853 730 941 774 est.
988 720 1158 774 Unum
1188 720 1372 776 horum
1395 731 1623 774 coruscat

187 797 461 865 miraculiS‚
504 797 637 851 aliud
666 798 945 851 succumbit
986 798 1197 851 iniuriis.
1242 797 1306 851 Et
1333 797 1621 851 sicutVer-

187 875 309 928 bum
349 876 412 929 ab
452 875 751 945 aequalitate
793 886 1031 947 paternae
1073 874 1263 945 gloriae
1311 891 1412 928 non
1454 890 1623 928 reces-

188 951 270 1017 sit,
314 951 379 1005 ita
420 969 537 1006 caro
581 963 811 1005 naturam
854 952 1006 1005 nostri
1039 953 1238 1022 generis
1267 969 1367 1004 non
1396 950 1615 1021 reliquit.

193 1026 331 1082 Unus
370 1029 506 1082 enim
551 1028 782 1100 idemque
823 1040 895 1082 est
936 1046 1054 1084 vere
1096 1029 1192 1082 Dei
1221 1028 1398 1097 Filius,
1427 1038 1478 1081 et
1502 1046 1622 1084 vere

116 1124 143 1159 (t
190 1102 410 1159 hominis
449 1105 605 1159 Filius
638 1121 685 1158 ».

188 1181 315 1236 Item
355 1199 470 1236 cum
510 1182 848 1253 sequentibus:
877 1199 904 1234 α
948 1182 1162 1253 Propter
1206 1179 1337 1235 hanc
1378 1181 1624 1235 unitatem

189 1275 431 1330 personae
473 1259 522 1311 in
584 1270 792 1330 utraque
851 1271 1027 1311 natura
1094 1256 1514 1329 intelligendam,
1576 1269 1627 1313 et

188 1336 229 1388 F
236 1335 345 1389 ilius
374 1334 593 1390 hominis
621 1335 803 1406 legitur
847 1335 1154 1389 descendisse
1188 1335 1249 1389 de
1287 1333 1429 1389 coelo
1461 1370 1478 1401 ,
1507 1351 1623 1388 curn

188 1411 345 1467 Filius
377 1413 472 1467 Dei
507 1429 712 1466 carnem
754 1413 815 1467 de
855 1430 914 1466 ea
955 1411 1165 1482 Virgine
1208 1413 1270 1466 de
1310 1429 1406 1482 qua
1434 1421 1507 1465 est
1527 1429 1624 1464 na-

191 1498 272 1542 tus
296 1530 312 1561 ‚
354 1490 690 1561 assumpserit.
717 1490 779 1543 Et
823 1506 990 1542 rursus
1033 1489 1188 1543 Filius
1221 1488 1316 1542 Dei
1357 1488 1626 1543 crucifixus

191 1565 376 1621 dicitur
416 1583 473 1621 ac
511 1566 752 1637 sepultuS‚
795 1584 911 1620 cum
952 1565 1078 1619 haec
1119 1583 1221 1619 non
1270 1566 1320 1618 in
1361 1564 1623 1621 divinitate

192 1641 318 1713 ipsa,
360 1661 458 1714 qua
499 1643 800 1713 Unigenitus
828 1642 1257 1712 consempiternus
1297 1658 1355 1695 ac
1404 1643 1624 1696 consub-

190 1720 431 1773 stantialis
471 1730 544 1775 est
608 1721 746 1774 Patri
794 1757 810 1788 ‚
871 1720 955 1773 sed
999 1720 1048 1772 in
1103 1730 1310 1773 naturae
1369 1717 1626 1774 humanae

117 1815 144 1849 α
189 1795 251 1850 sit
279 1796 569 1851 infirmitate
598 1813 857 1868 perpessus
883 1815 932 1850 ν.
976 1796 1108 1867 Hae,
1154 1796 1387 1867 inquam,
1410 1795 1463 1849 S.
1490 1795 1628 1850 Leo-

114 1871 192 1925 nis
230 1875 505 1928 sententiae
547 1874 595 1927 in
636 1891 736 1945 quo
765 1874 1047 1944 discrepant
1086 1891 1114 1926 a
1155 1872 1461 1946 professione
1484 1872 1624 1938 fidei,

114 1965 268 2019 quam
308 1951 575 2005 Honorius
618 1952 667 2004 in
707 1968 794 2004 sua
836 1951 896 2004 ad
920 1950 1154 2020 Sergium
1194 1948 1403 2021 epistola
1444 1946 1626 2003 tradit?

113 2025 295 2082 Nonne
335 2027 605 2099 aliquando
648 2028 751 2098 ipsa
794 2028 946 2082 verba
972 2023 1183 2080 identica
1223 2022 1371 2079 sunt?
1399 2026 1524 2080 adeo
1572 2037 1627 2080 ut

114 2099 347 2158 habuisse
389 2123 508 2176 prae
548 2105 704 2160 oculis
729 2105 782 2158 S.
814 2105 1000 2158 Leonis
1027 2103 1265 2175 epistolas
1304 2103 1543 2157 dicendus
1566 2104 1630 2157 sit

107 2179 196 2245 ‘vel
220 2180 345 2252 ipse,
370 2181 448 2238 vel
471 2182 686 2236 Ioannes
706 2181 1016 2253 SymponuS‚
1040 2180 1120 2235 vel
1142 2182 1374 2235 Romana
1397 2179 1629 2251 Synodus

116 2257 351 2314 universa
418 2259 540 2313 dum
580 2258 705 2312 haec
744 2257 953 2329 epistola
1011 2257 1193 2329 scripta
1234 2256 1325 2309 fuit
1349 2252 1380 2309 ⁶?
1445 2256 1496 2308 Si
1528 2256 1628 2327 igi-

116 2342 199 2386 tur
265 2335 477 2390 identica
517 2342 593 2391 est,
632 2336 748 2389 ndei
790 2334 1029 2407 professio
1070 2335 1132 2387 ab
1172 2332 1403 2387 Honorio
1449 2334 1628 2388 emissa

114 2425 231 2464 cum
273 2411 355 2465 illa
395 2412 448 2466 S.
491 2413 677 2467 Leonis
721 2413 797 2481 1.,
839 2413 939 2465 iam
961 2411 1187 2465 dubitare
1228 2426 1330 2464 non
1358 2409 1527 2464 licebit
1566 2411 1628 2466 de

114 2486 415 2543 orthodoxia
469 2489 795 2561 epistolarum
862 2490 986 2542 eius.
1030 2488 1164 2541 Hinc
1229 2486 1414 2539 sactum
1480 2486 1629 2543 vide-

115 2580 269 2632 muS‚
310 2577 366 2620 ut
407 2567 439 2620 ii
483 2567 572 2638 ipsi
614 2565 981 2621 catholicorum
1041 2563 1449 2635 praestantissimi
1482 2600 1499 2631 ‚
1541 2564 1627 2634 qui

113 2640 197 2694 vel
238 2642 415 2697 eodem
458 2653 706 2716 tempore,
748 2642 829 2698 vel
870 2652 981 2714 post
1019 2640 1308 2695 Honorium
1348 2640 1627 2711 vixerunt,

113 2718 346 2775 eamdem
384 2736 501 2776 cum
543 2721 650 2794 ipso
691 2720 895 2794 professi
935 2719 1034 2775 sint
1075 2718 1251 2787 sidem,
1292 2717 1487 2773 etiamsi
1527 2717 1630 2772 sci-

115 586 142 620 ἓ

113 662 144 1080 ἑῶέἒέἑ

115 1274 146 1622 ’ἒΩΩΩέ

117 1657 146 1771 ἢῆ
