1780 3038
76 340 165 400 ²0⁸3
203 348 331 404 quae
371 329 466 384 alia
505 345 608 383 esse
637 347 737 385 non
761 341 954 403 poterat
980 348 1131 402 quam
1153 330 1274 385 fides
1300 327 1586 385 Chalcedo-

77 411 281 474 nensiS,
325 409 374 460 in
413 424 511 478 qua
553 409 899 462 tantummodo
939 419 1111 462 contra
1152 406 1494 479 Eutychianos
1534 416 1587 462 et

76 486 419 550 NestorianOS,
460 500 585 554 quos
626 485 719 539 hac
761 486 864 556 ipsa
904 502 991 537 sua
1032 484 1240 556 epistola
1277 485 1588 555 impugnan-

77 563 166 617 dos
205 562 428 627 assumit,
451 562 715 615 definitum
745 563 856 633 fuit,
898 562 1018 614 duas
1056 580 1160 617 esse
1202 562 1250 613 in
1274 560 1469 614 Christo
1492 579 1589 615 na-

80 649 216 692 turas
277 638 327 690 in
373 638 560 691 unitate
606 656 850 710 personae
901 638 1149 705 divinae3
1205 649 1310 690 tum
1357 655 1419 691 ex
1479 638 1586 709 ipsa

82 715 200 768 fidei
225 714 550 786 professione,
574 734 725 786 quam
748 717 809 768 ab
841 715 982 768 initio
1010 714 1351 768 huiuscemodi
1376 715 1579 769 emittit:

81 812 107 845 «
153 791 459 845 Confitentes
496 793 774 846 Dominum
834 792 997 845 Iesum
1037 790 1290 844 Christum
1331 791 1584 846 Mediato-

83 887 110 922 «
156 885 263 921 rem
303 868 397 921 Dei
439 879 488 921 et
528 869 816 938 hominum,
858 880 1119 940 operatum
1159 869 1330 922 divina
1363 905 1379 934 ,
1423 869 1590 922 media

83 964 109 998 α
155 943 466 999 humanitate
495 946 662 999 Verbo
703 946 796 1000 Dei
821 945 1110 998 naturaliter
1131 946 1291 1012 unita3
1324 944 1591 999 eumdem-

83 1039 109 1074 α
154 1038 252 1092 que
293 1032 555 1092 operatum
598 1022 818 1076 humana
868 1022 1184 1076 ineffabiliter
1223 1032 1370 1091 atque
1410 1021 1591 1092 singu-

82 1115 109 1151 «
155 1098 324 1151 lariter
364 1110 613 1170 assumpta
654 1116 826 1166 carne,
860 1099 1089 1164 discrete,
1136 1099 1413 1164 inconfuse,
1443 1109 1591 1168 atque

80 1192 94 1226 ‹
154 1175 602 1230 inconvertibiliter
642 1175 791 1247 plena
835 1175 1115 1242 divinitate3
1154 1186 1204 1227 et
1241 1175 1324 1245 qui
1353 1191 1592 1228 corusca-

79 1271 105 1306 «
152 1251 225 1307 vit
264 1252 315 1304 in
355 1267 507 1305 carne
549 1253 695 1324 plena
737 1252 920 1306 divinis
960 1251 1238 1319 miraculiS,
1287 1251 1391 1322 ipse
1430 1261 1502 1304 est
1541 1262 1592 1306 et

80 1348 107 1383 α
151 1345 361 1382 carneus
400 1328 606 1383 effectus
646 1329 794 1399 plene
835 1329 972 1382 Deus
1014 1335 1064 1381 et
1110 1327 1288 1396 homo,
1339 1327 1593 1399 passiones

79 1425 107 1459 α
151 1413 204 1459 et
243 1405 514 1476 opprobria
545 1407 731 1477 patitur
759 1422 889 1459 unus
928 1405 1174 1459 mediator
1212 1405 1306 1458 Dei
1349 1416 1396 1458 et
1417 1403 1591 1458 homi-

82 1499 109 1534 «
155 1497 278 1534 num
321 1481 370 1534 in
411 1483 632 1553 utrisque
672 1483 882 1549 naturis,
922 1481 1147 1535 Verbum
1191 1498 1308 1535 caro
1350 1481 1539 1535 factum
1572 1519 1591 1550 ,

0 1588 4 1597 ›
81 1575 108 1611 «
152 1568 202 1612 et
222 1556 466 1614 habitavit
496 1560 545 1612 in
585 1561 751 1630 nobis,
779 1561 882 1631 ipse
923 1559 1079 1612 Filius
1118 1557 1338 1612 hominis
1360 1559 1420 1612 de
1449 1558 1590 1613 coelo

82 1653 108 1687 «
153 1635 477 1703 descendens,
507 1653 636 1690 unus
675 1649 822 1707 atque
864 1636 1018 1702 idem,
1058 1636 1184 1689 sicut
1211 1636 1451 1706 scriptum
1494 1647 1590 1703 est,

82 1729 109 1764 «
154 1712 420 1766 crucifixus
458 1714 709 1767 Dominus
750 1714 1019 1768 maiestatis
1053 1750 1070 1773 .,
1112 1712 1233 1765 dum
1281 1722 1470 1767 constet
1509 1714 1593 1765 di-

82 1806 109 1841 «
156 1788 417 1844 vinitatem
449 1790 610 1843 nullas
639 1807 780 1861 posse
810 1791 1001 1861 perpeti
1033 1789 1279 1844 humanas
1319 1790 1593 1860 passiones3

83 1882 109 1918 «
154 1876 203 1920 et
243 1883 344 1919 non
385 1866 446 1919 de
486 1867 649 1935 coelo,
677 1867 762 1920 sed
802 1871 864 1922 de
902 1880 1071 1922 sancta
1111 1877 1184 1919 est
1224 1877 1473 1937 assumpta
1502 1882 1594 1919 ca-

84 1958 110 1994 «
155 1960 213 1997 ro
252 1942 346 1996 Dei
389 1944 630 2013 genitrice
670 1954 765 1999 etc.
804 1961 829 1994 ν
873 1944 981 1997 Iam
1022 1960 1143 2000 vero
1186 1943 1236 1996 in
1280 1944 1484 1996 recitata
1527 1943 1593 1996 si-

79 2018 158 2072 dei
201 2013 505 2090 professione
546 2020 670 2074 nihil
712 2022 980 2086 contineri,
1018 2022 1149 2092 quoa¹
1191 2018 1449 2075 catholicis
1498 2021 1595 2074 do-

80 2096 331 2165 gmatibus
369 2098 681 2164 adversetur,
722 2111 771 2152 et
812 2099 862 2151 in
905 2098 1002 2152 fide
1044 2097 1440 2153 Chalcedonensi
1490 2114 1593 2152 non

81 2173 419 2239 contineatur,
448 2176 718 2238 evincitur,
750 2193 812 2228 ex
859 2192 959 2246 quo
1000 2176 1235 2231 decernat
1263 2193 1436 2230 omnes
1466 2191 1594 2228 con-

82 2248 210 2303 fiteri
252 2250 432 2304 debere
472 2251 593 2304 duas
631 2251 812 2306 Christi
849 2265 1049 2306 naturas
1092 2254 1141 2305 in
1189 2253 1377 2306 unitate
1418 2269 1596 2324 perso—

83 2342 180 2380 nae
219 2326 421 2382 divinae
447 2328 724 2399 copulam,
761 2330 839 2383 cui
884 2331 1076 2383 ratione
1123 2328 1593 2383 communicationis

5 2463 10 2470 ¹
87 2402 383 2456 idiomatum
423 2421 508 2458 seu
549 2406 923 2474 attributorum,
966 2408 1258 2460 tribuendae
1285 2418 1399 2459 sunt
1442 2406 1595 2460 ctiam

3 2534 6 2537 ,
84 2480 335 2550 passiones
375 2479 647 2544 humanaeg
690 2503 809 2538 cum
849 2490 1039 2537 constet
1077 2480 1411 2538 divinitatem
1471 2485 1595 2537 nul-

6 2597 9 2600 >
83 2557 162 2610 las
196 2574 342 2629 posse
381 2556 575 2630 perpeti
616 2556 880 2614 humanas
903 2556 1186 2633 passiones,

17 2643 20 2647 ’
158 2635 225 2685 At
263 2633 381 2702 quid
423 2634 556 2688 aliud
599 2636 648 2688 in
690 2637 897 2708 Synodo
928 2635 1321 2690 Chalcedonensi
1379 2636 1540 2689 fuerat
1570 2685 1589 2710 ‚

86 2709 178 2763 nisi
202 2707 299 2763 hoc
324 2711 505 2783 ipsum,
549 2710 848 2766 definitum?
891 2714 967 2766 En
991 2714 1214 2767 definitio
1238 2709 1330 2787 (l).
1358 2713 1595 2784 Sequen-

85 2882 206 2985 rmill)
237 2881 416 2929 Habetur
434 2884 526 2932 Act.
551 2885 600 2932 V.
623 2884 772 2933 Concil.
788 2887 922 2935 Chalc.
945 2887 1046 2948 apud
1063 2887 1305 2935 Labb.Tom.
1320 2887 1595 2936 1V.Concilio'·
