1780 3038
745 121 822 130 ...-
861 91 925 143 71
972 120 1048 131 .-..

139 163 188 236 ‘ir
219 187 311 224 vae
352 169 488 222 vocis
529 167 786 222 inductum
817 167 1121 238 operationis
1164 163 1465 219 vocabulum
1507 167 1657 220 aulu-

147 266 182 299 «2
218 247 432 315 gienteS,
475 261 631 296 unum
674 243 934 297 nobiscum
976 243 1256 296 Dominum
1298 241 1463 296 Iesum
1505 242 1660 296 Chri-

147 341 174 376 «
219 334 350 375 stum
380 321 565 373 Filium
593 321 687 373 Dei
719 320 847 386 vivi,
877 320 1043 372 Deum
1085 319 1423 384 verissimum,
1455 319 1504 371 in
1531 320 1661 373 dua-

148 418 174 452 «
221 400 313 452 bus
356 399 545 450 naturis
585 408 846 468 operatum
881 397 1120 450 divinitus
1160 406 1307 466 atque
1348 395 1661 464 humanitus,

147 494 175 528 «
221 475 317 529 lide
358 473 636 527 orthodoxa
679 486 826 545 atque
882 475 1071 528 unitate
1112 472 1356 526 catholica
1399 473 1665 544 praedice-

147 573 173 607 «
219 553 296 605 tis.
341 551 478 603 Deus
521 562 567 604 te
610 551 917 604 incolumem
946 551 1212 615 custodiat,
1242 549 1559 615 dilectissime
1581 561 1661 603 at·-

151 647 177 682 «
222 646 320 699 que
359 627 664 681 sanctissime
706 628 873 680 frater.

219 704 445 775 Epistola
493 703 618 758 haec
659 706 820 776 prima
845 704 1060 758 Honorii
1103 704 1164 757 ad
1206 703 1665 773 Sergium‚11tiam

144 781 409 847 adnotavi,
454 780 576 834 lecta
625 792 697 834 est
742 782 938 835 actione
978 782 1098 833 XII.
1126 781 1336 834 Concilii
1380 781 1471 832 111.
1505 780 1664 851 Cpta-

147 859 220 912 ni.
263 861 327 911 At
367 876 488 912 vero
513 859 707 911 actione
747 859 890 910 XIII.
936 858 1061 911 lecta
1104 868 1175 911 est
1215 867 1264 911 et
1303 856 1481 925 altera,
1511 874 1665 927 quam

147 935 412 988 Honorius
433 936 493 987 ad
535 936 770 989 eumdem
811 936 1044 1004 Sergium
1085 936 1370 1005 scripserat,
1414 951 1668 1004 quamque

145 1012 393 1082 integram
437 1029 538 1065 non
583 1011 846 1076 habemus3
889 1024 1037 1083 atque
1078 1010 1201 1065 hinc
1251 1022 1404 1082 prout
1452 1013 1503 1066 in
1545 1011 1666 1065 actis

145 1089 366 1160 reperio,
427 1106 539 1142 eam
582 1089 734 1142 recito
763 1086 854 1162 (1).

223 1166 308 1219 Sic
352 1166 517 1235 itaque
556 1183 607 1219 se
658 1165 827 1219 habet.

299 1243 348 1295 1.
396 1262 420 1296 «
470 1242 805 1296 Dilectissimo
831 1241 972 1294 fratri
1001 1240 1181 1311 Sergio
1222 1240 1499 1297 Honorius.
1528 1242 1670 1295 Scri-

150 1336 177 1372 a
222 1328 305 1390 pta
347 1316 652 1371 dilectissimi
696 1319 783 1371 filii
814 1319 966 1373 nostri
1010 1315 1672 1389 SyriciiDiaconi...Habet

150 1416 177 1450 «
225 1412 404 1449 autem
433 1392 612 1449 eadem
659 1394 875 1469 epistola
901 1402 1015 1468 post
1058 1414 1232 1468 pauca
1264 1393 1408 1451 llaec:
1435 1398 1540 1450 Nec
1566 1413 1668 1448 non

153 1493 181 1528 α
227 1483 276 1526 et
302 1471 437 1543 Cyro
463 1472 598 1524 fratri
625 1484 791 1526 nostro
804 1473 1173 1525 Alexandrinae
1195 1473 1408 1527 civitatis
1432 1472 1671 1544 praesuli,

150 1566 177 1602 <t
223 1560 469 1618 quatenus
509 1567 671 1604 novae
718 1550 1090 1603 adinventionis
1120 1549 1290 1616 unius,
1336 1551 1411 1604 vel
1455 1552 1672 1603 duarum

151 1644 178 1678 α
224 1627 583 1696 operationum
627 1627 872 1680 vocabulo
915 1627 1151 1695 refutatu,
1194 1626 1329 1680 claro
1369 1629 1463 1681 Dei
1507 1626 1673 1680 eccle-

152 1720 179 1755 «
220 1703 407 1755 siarum
431 1703 1092 1774 praeconio,nebulosarum
1121 1705 1553 1758 concertationum
1583 1720 1674 1756 ca-

151 1797 180 1832 «
226 1779 404 1849 ligines
444 1780 635 1835 ossundi
678 1799 780 1834 non
822 1781 1038 1834 debeant
1077 1779 1158 1834 vel
1201 1783 1419 1852 aspergi3
1458 1789 1513 1833 ut
1548 1797 1674 1851 pro-

153 1875 181 1914 t(
227 1856 354 1912 fecto
396 1858 543 1910 unius
585 1857 665 1913 vel
708 1859 940 1930 geminae
991 1857 1298 1928 operationis
1365 1856 1672 1914 vocabulum

206 2006 265 2065 (1)
295 2005 406 2052 Haec
439 2007 604 2068 epistola
646 2009 795 2067 integra
831 2007 990 2067 quidem
1010 2007 1187 2054 recitata'
1204 2017 1264 2052 est
1286 2007 1326 2052 in
1374 2008 1568 2060 Concilio,
1595 2008 1667 2053 sed

149 2067 189 2111 in
228 2069 327 2111 actis
363 2067 454 2111 illae
495 2070 761 2112 tantummodo
796 2077 927 2127 partes
964 2068 1111 2112 relatae
1145 2102 1154 2119 ‚
1195 2083 1295 2124 quae
1330 2069 1368 2111 in
1409 2069 1673 2126 suspicionem

148 2125 379 2178 veniebant,
416 2135 457 2169 ut
494 2142 541 2170 ex
565 2127 658 2185 ipsis
683 2130 781 2171 actis
814 2135 983 2171 constat.
1010 2126 1114 2170 Hinc
1148 2127 1306 2184 plenum
1348 2126 1532 2170 iudicium
1553 2127 1602 2171 de
1625 2142 1671 2170 ea

151 2185 245 2228 ferri
275 2199 351 2228 non
385 2195 533 2242 posset:
569 2201 655 2229 cum
690 2186 901 2245 aliquando
932 2201 1032 2244 quae
1062 2187 1181 2229 dubia
1217 2186 1416 2235 videntur,
1443 2188 1597 2244 optime
1626 2200 1674 2230 ex

156 2252 342 2287 contextu
391 2245 650 2302 explicentur.
683 2246 867 2290 Attamen
904 2253 1034 2303 partes
1072 2259 1172 2302 quae
1214 2253 1446 2302 supersunt.
1487 2260 1671 2302 quaeque

153 2303 366 2346 recitantur
404 2303 543 2360 dogma
594 2304 829 2348 catholicum
862 2305 994 2347 verbis
1040 2303 1346 2347 evidentissimis
1397 2304 1672 2361 complectun-

156 2367 236 2412 tur;
271 2375 318 2404 cx
356 2376 433 2419 quo
463 2362 639 2420 intelligo
663 2371 808 2422 partes,
854 2378 954 2420 quae
981 2361 1139 2414 desunt,
1172 2362 1313 2405 nullam
1352 2362 1507 2405 dedisse
1538 2362 1674 2406 Patri-

154 2419 230 2463 hus
247 2420 525 2479 suspicionem:
560 2423 802 2480 1.q11idem‚
848 2422 953 2480 quia,
987 2424 1053 2464 sin
1073 2422 1227 2471 minus,
1273 2436 1340 2464 eas
1379 2435 1538 2478 quoque
1565 2431 1674 2466 retu-

156 2477 308 2522 lissent:
340 2480 384 2523 2.
415 2481 504 2537 quia
532 2496 618 2525 cum
647 2482 905 2525 certissimum
923 2480 1061 2523 haberi
1087 2480 1231 2523 debeat
1263 2480 1312 2523 de
1347 2494 1420 2523 una
1455 2479 1674 2537 eademque

155 2550 201 2580 re
236 2536 342 2594 loqui
373 2547 508 2596 partes
527 2554 628 2597 quae
654 2540 810 2592 desunt;
855 2540 946 2582 hinc
976 2538 1145 2589 deduco,
1184 2554 1250 2582 eas
1292 2539 1517 2582 efformasse
1550 2541 1674 2583 veluti

156 2595 412 2696 probationes
443 2611 592 2648 eorum,
636 2613 736 2656 quae
768 2600 805 2642 in
832 2599 929 2642 actis
961 2597 1084 2640 relata
1112 2605 1218 2650 sunt;
1248 2597 1489 2641 continuisse
1510 2598 1671 2655 insuper

174 2654 451 2699 uculentiorem
483 2657 780 2715 explicationem
814 2657 904 2700 tidei
937 2663 1071 2700 contra
1106 2655 1404 2701 Monothelitas.
1450 2657 1574 2700 Secus
1613 2660 1672 2701 in-

158 2713 482 2760 vidiorientales
513 2725 643 2773 partes
666 2715 751 2762 illas
772 2716 929 2760 silentio
955 2729 1032 2759 non
1053 2715 1364 2773 praeteriissent.
