1780 3038
154 292 205 347 in
245 292 510 367 Synodicls
550 292 707 364 repeti
748 292 966 347 solerent
1006 291 1215 346 nomina
1257 308 1435 346 eorum
1475 292 1561 363 qui
1607 291 1658 346 in

152 371 292 425 Actis
331 372 526 424 fuerant
566 370 808 422 damnati.

226 447 414 501 Verum
454 445 532 499 his
571 463 672 498 non
715 461 968 511 moveor-3
1026 443 1191 514 primo
1230 444 1432 513 quidem
1464 483 1481 511 ,
1541 445 1659 516 quia

150 523 344 576 etiamsi
389 522 518 575 illius
560 539 750 575 nomen
795 522 842 572 in
886 522 1136 591 Synodica
1194 522 1659 590 praetermisissent,

149 615 253 652 non
293 610 586 668 sequeretur
627 598 1039 668 praetermissum
1081 597 1231 650 etiam
1264 598 1312 649 in
1343 599 1462 650 actis
1489 599 1661 669 Syno-

148 675 223 742 di3
265 681 431 745 patres
470 675 607 729 enim
649 675 829 727 Graeci
875 675 938 726 ita
982 691 1134 743 agere
1175 674 1448 742 potuissent
1485 692 1547 727 ex
1577 691 1661 727 re·-

149 751 377 805 verentia
420 752 470 804 in
512 752 578 804 R.
624 751 975 818 Pontificem3
1046 750 1180 819 quod
1234 750 1467 821 exemplo
1509 751 1660 821 ipsius

147 826 458 880 Constantini
498 828 746 898 Pogonati
789 828 1092 881 confirmare
1132 842 1356 896 possum,
1378 827 1462 897 qui
1485 828 1661 880 etiam·

146 902 188 955 si
233 904 282 956 in
348 905 512 958 edicto
539 942 557 970 ,
622 922 722 974 quo
765 904 1010 956 omnibus.
1042 903 1384 973 praecipiebat
1423 915 1660 974 accepta-

148 980 339 1034 tionem
381 981 571 1052 Synodi
611 981 703 1051 VI,
764 981 1055 1032 Honorium
1114 979 1409 1032 damnatum
1450 998 1478 1033 a
1518 980 1660 1034 Con-

145 1056 261 1110 cilio
301 1058 573 1129 scripserit,
616 1057 661 1109 id
706 1069 871 1110 tamen
916 1057 964 1109 in
1005 1055 1227 1127 epistolis
1256 1056 1315 1108 ad
1346 1057 1397 1109 S.
1432 1057 1660 1111 Leonem'

144 1132 216 1199 11,
257 1144 306 1187 et
345 1135 407 1187 ad
447 1136 737 1188 Romanum
766 1134 1048 1187 Concilium
1091 1134 1421 1202 praetermisit
1459 1130 1533 1206 (l)
1561 1134 1659 1187 Sed

145 1207 243 1263 hoc
283 1212 657 1281 praeter-misse,
700 1212 892 1282 optime
933 1210 1251 1263 Graecorum
1293 1209 1528 1280 loquendi
1573 1228 1660 1264 ra-

145 1286 213 1339 tio
252 1303 368 1340 cum
411 1288 631 1359 ipsorum
673 1289 934 1359 opinione,
976 1286 1110 1357 quod
1152 1286 1341 1339 scilicet
1371 1287 1424 1339 S.
1458 1286 1658 1357 Agatho

146 1362 196 1415 in
235 1364 335 1417 suis
373 1365 591 1435 epistolis
629 1366 780 1417 etiam
822 1365 1107 1416 Honorium
1150 1363 1495 1430 damnaverit,
1530 1381 1660 1417 con-
1725 1376 1729 1378 “

143 1438 361 1511 ciliatur,
385 1442 505 1511 quin
529 1458 618 1494 nos
640 1442 708 1494 uti
734 1441 1141 1493 mendacissimos
1171 1440 1280 1492 illos
1316 1441 1653 1494 traducamus.

141 1516 354 1571 Actione
394 1518 639 1588 siquidem
665 1518 791 1570 XIII
814 1534 929 1581 cum
955 1517 1298 1586 gloriosissimi
1339 1517 1524 1570 iudices
1564 1535 1660 1588 pe-

142 1599 327 1659 terent,
368 1605 421 1647 ut
463 1596 643 1648 iterum
686 1594 974 1664 legerentur
1013 1595 1192 1664 scripta
1256 1594 1494 1664 Honorii,
1535 1594 1660 1648 Ser-

143 1668 237 1738 gii,
278 1669 395 1740 Cyri
436 1682 531 1724 etc.
575 1679 634 1725 ut·
673 1668 964 1743 inamplius
1029 1667 1476 1743 manifestaretur
1521 1679 1659 1724 secla

141 1743 450 1801 earumdem
502 1764 903 1821 personat-unm
963 1748 1331 1817 responderunt
1395 1748 1568 1800 Patres
1609 1747 1657 1800 id

140 1822 454 1892 superfluum
494 1841 619 1889 esse,
661 1836 709 1877 et
749 1824 882 1894 quod
932 1824 1155 1894 ipsorum
1199 1822 1417 1877 haeresis
1468 1825 1658 1877 cunctis

142 1909 354 1970 pateret,
394 1909 443 1953 et
482 1903 617 1971 quod
656 1918 695 1954 s.
740 1899 939 1970 Agatho
999 1901 1335 1971 proiiciendos
1373 1917 1478 1953 esse
1529 1901 1657 1953 scri-

141 1976 294 2046 pserit
333 1993 507 2030 omnes
546 1978 629 2049 qui
671 1978 852 2031 similia
892 1994 1009 2030 cum
1050 1978 1228 2048 Sergio
1275 1978 1536 2031 sensissent
1561 1977 1651 2050 (2).

198 2140 258 2194 (1)
292 2138 662 2198 Reprehendendus
692 2154 769 2184 non
802 2153 927 2183 essem
958 2139 990 2183 si
1022 2139 1210 2192 dicerem,
1235 2139 1522 2197 Imperatorem
1541 2154 1656 2199 prae-

140 2200 354 2243 termisisse
376 2197 540 2243 Honorii
573 2213 715 2243 nomen
747 2200 855 2243 hisce
889 2199 926 2242 in
959 2198 1179 2256 epistolis,
1216 2199 1323 2255 quod
1370 2214 1456 2243 eum
1502 2199 1656 2245 invidia

139 2255 401 2303 Orientalium
425 2259 619 2301 immerito
651 2257 871 2301 damnatum
907 2258 1096 2315 deinceps
1127 2258 1299 2301 noverit.

196 2316 255 2372 (2)
289 2315 346 2360 Ex
377 2317 453 2360 hoc
485 2317 706 2360 testimonio
737 2317 924 2374 suspicari
958 2317 1065 2364 licet.
1103 2315 1254 2372 legatos
1276 2316 1325 2360 R.
1361 2315 1564 2361 pontificis
1585 2316 1654 2361 vel

138 2375 241 2432 apud
276 2374 554 2433 Imperatorem
581 2409 591 2426 ‚
637 2375 700 2418 vet
733 2375 834 2432 apud
869 2374 1033 2419 Concilii
1068 2373 1221 2418 iudices
1261 2391 1332 2433 pro
1364 2373 1542 2419 Honorio
1574 2389 1652 2419 non

136 2446 274 2489 parum
307 2434 574 2485 adlaborasse;
613 2433 659 2476 ad
695 2433 787 2491 quid
821 2435 925 2477 enim
960 2435 1021 2476 illa
1051 2432 1222 2476 iudicum
1257 2436 1485 2491 praeceptio
1507 2442 1550 2477 ut
1581 2436 1655 2478 ite-

138 2505 220 2534 rum
253 2495 397 2549 scripta
433 2494 515 2536 eius
547 2494 704 2535 omnino
738 2493 1042 2549 relegerentur?
1075 2492 1135 2535 Ad
1173 2493 1265 2549 quid
1301 2494 1366 2535 illa
1401 2492 1654 2537 l'atrumre-

135 2553 294 2606 sponsio
327 2551 428 2608 quod
462 2567 495 2594 s.
531 2549 686 2607 Agatho
718 2565 787 2594 eos
818 2566 952 2594 omnes
984 2551 1231 2595 damnandos
1266 2566 1351 2595 esse
1392 2551 1550 2602 dixerit,
1585 2552 1656 2608 qui

135 2610 273 2664 Sergio
305 2611 450 2653 assensi
483 2611 656 2653 fuerant?
688 2609 776 2653 Non
808 2610 909 2653 enim
927 2609 1033 2654 hisce
1064 2619 1130 2653 aut
1161 2609 1330 2668 Cyrum,
1365 2618 1430 2654 aut
1463 2610 1650 2666 reliquos.

135 2680 298 2725 quorum
331 2668 626 2712 Monothelitica
659 2669 851 2711 sententia
886 2670 1079 2712 neminem
1112 2669 1295 2718 latebat,
1333 2669 1544 2725 indigitare
1577 2683 1651 2725 rof

133 2724 304 2776 luerunt,
338 2727 408 2770 sed
435 2726 666 2778 Honorium:
698 2727 894 2784 siquidem
928 2729 1056 2784 paullo
1088 2735 1179 2771 ante
1212 2727 1260 2770 de
1292 2743 1339 2771 eo
1363 2729 1556 2777 dixerant,
1577 2742 1652 2769 se-

135 2792 268 2827 cutum
302 2787 341 2829 in
382 2787 565 2830 omnibus
608 2796 780 2830 mentem
822 2788 948 2843 Sergii
995 2788 1126 2830 luisse.
1174 2785 1367 2843 Equidem
1413 2796 1452 2830 et
1487 2787 1651 2830 aliorum

132 2844 278 2944 scgipta
312 2843 436 2945 rglegi
468 2847 689 2897 votuerunt;
719 2853 758 2889 at
790 2846 952 2890 sortasse
985 2861 1033 2891 ne
1058 2846 1287 2890 viderentur
1321 2846 1536 2905 legatorum
1560 2859 1650 2904 par-

134 2908 162 2942 ti
195 2916 238 2944 us
270 2909 329 2944 stu
361 2918 442 2945 cre.
