1780 3038
182 243 529 298 Necessarium
567 257 672 297 esse
710 239 809 297 hoc
846 242 1100 298 silentium
1124 279 1142 311 ,
1183 259 1248 297 ne
1287 243 1612 300 recrudesce-

104 331 217 378 rent
255 320 543 392 consopitae
563 318 795 373 haereses
838 319 1133 375 Nestor-iana
1175 330 1225 374 et
1263 320 1610 393 Eutychiana,

103 417 221 454 cum
262 400 324 452 ab
363 415 464 451 una
506 397 800 468 operatione
861 398 1065 469 plurimi
1108 398 1171 451 ad
1211 414 1366 450 unam
1427 397 1611 453 Christi

104 486 337 531 naturam
395 474 776 542 concluderent3
837 474 1130 529 scandalum
1197 492 1319 530 vero
1369 474 1616 546 plurimos

100 570 301 609 sumere
340 569 403 606 ex
441 552 634 605 duabus
674 552 1072 622 operationibuS,
1122 561 1171 606 et
1197 552 1330 622 quod
1359 551 1485 606 haec
1514 570 1616 607 vox

103 648 132 685 a
172 628 516 703 probabilibus
555 627 810 682 Ecclesiae
851 629 1074 701 patribus
1102 627 1325 683 adhibita
1366 647 1470 683 non
1498 630 1616 684 sue-

103 708 214 774 rit,
244 717 293 761 et
331 706 467 778 quod
507 723 570 759 ex
610 704 709 758 hoc
749 706 989 777 dogmate
1055 707 1193 777 sequi
1251 707 1618 761 arbitrarentur

102 784 425 840 voluntatum
466 799 694 854 pugnam
720 819 736 850 ‚
779 801 806 837 a
847 785 1030 855 quibus
1071 784 1391 855 operationes
1431 801 1618 855 proce-

103 862 247 916 dunt.
275 857 442 916 Unius
468 855 792 933 operationis
820 879 928 916 vox
964 857 1249 936 pereqrina
1276 859 1548 930 videatur,
1570 868 1620 915 et

98 933 417 1015 perturbare
480 955 637 992 aures
694 934 1056 1007 quorumdam
1120 935 1505 1011 suspicantium
1547 935 1622 993 acl

95 1008 510 1093 peremptionem
552 1010 690 1068 hanc
728 1011 968 1089 proferri
1005 1010 1279 1088 inconfuse
1318 1023 1472 1086 atque
1536 1033 1619 1069 se-

101 1089 335 1149 cundum
374 1087 765 1145 subsistentiam
804 1089 1088 1148 innitar-um
1128 1089 1187 1145 in
1228 1089 1442 1148 Christo
1500 1090 1621 1146 Deo

99 1177 283 1226 nostro
320 1164 558 1222 duarum
597 1175 922 1223 naturarum
930 1207 1036 1223 .....
1044 1165 1308 1225 Similiter
1334 1169 1511 1225 autem
1573 1178 1623 1225 et

99 1243 338 1302 duarum
377 1241 950 1318 operationum'olictio
1015 1243 1209 1301 multos
1252 1244 1620 1323 scandalizet,

98 1331 277 1398 utpote
314 1340 349 1376 α
386 1318 532 1376 nullo
579 1319 906 1378 Sanctorum
945 1330 993 1378 et
1029 1317 1389 1397 probabilium
1438 1325 1624 1381 Eccle-

99 1397 211 1455 siae
251 1394 619 1454 institutorum
682 1396 827 1455 edita
871 1439 885 1453 .
930 1398 1160 1474 Insuper
1201 1408 1249 1455 et
1308 1420 1624 1474 consequens

98 1473 148 1532 ei
185 1473 254 1532 sit
273 1471 586 1550 praedicare
611 1476 747 1534 duas
765 1476 1063 1534 voluntates
1084 1474 1486 1535 contrarietates
1511 1479 1626 1536 cir-

39 1600 42 1604 ,
99 1572 163 1610 ca
201 1549 426 1608 invicem
467 1550 729 1611 habentes·

175 1629 464 1685 Consultius
503 1633 717 1703 proinde
759 1632 866 1687 sore
896 1670 914 1701 ‚
957 1631 1211 1704 abrogatis
1241 1669 1258 1703 ,
1301 1632 1383 1690 vel
1422 1635 1626 1701 silentio

96 1709 278 1780 pressis
316 1708 577 1763 vocabulis
618 1711 790 1779 unius,
831 1710 914 1764 vel
955 1712 1172 1765 duarum
1220 1712 1575 1782 operationum
1607 1754 1626 1785 ‚

97 1784 232 1840 hanc
271 1784 426 1838 fidem
466 1788 777 1857 praedicare.
825 1786 1001 1843 Unum
1041 1784 1380 1859 eumdemque
1419 1787 1630 1848 Filium

100 1857 441 1935 Uniqenitum
480 1862 780 1920 Dominum
818 1874 1063 1920 nostrum
1121 1863 1299 1920 Iesum
1351 1863 1629 1925 Christum

94 1956 284 1994 verum
304 1937 481 1994 Deum
502 1948 780 2016 operatum
801 1940 1045 2017 confiteri
1065 1950 1177 1997 tam
1203 1939 1414 2012 divina,
1436 1965 1630 2015 quam-

96 2034 196 2087 que
235 2013 499 2089 humana,
541 2027 589 2074 et
629 2038 839 2075 omnem
877 2020 993 2075 Deo
1033 2017 1306 2075 decibilem
1337 2028 1384 2076 et
1416 2018 1631 2079 homine

94 2089 314 2165 diqnam
357 2092 716 2167 operationem
756 2116 822 2152 eac
860 2117 967 2152 uno
1027 2095 1305 2169 eodemqne
1343 2097 1630 2155 incarnato

92 2168 208 2226 Deo
254 2168 422 2227 Verbo
461 2169 688 2228 indivise
720 2171 1027 2249 procedere,
1066 2183 1116 2231 et
1152 2173 1226 2231 ad
1262 2195 1434 2232 unum
1478 2195 1631 2233 eum-

93 2243 310 2319 demque
350 2245 539 2322 rediqi.
665 2302 668 2306 ,
1511 2254 1515 2257 ’

168 2323 246 2379 De
286 2336 453 2381 cetero
511 2345 564 2381 se
621 2329 889 2383 Romanae
939 2329 1092 2384 Sedis
1151 2331 1438 2384 Antistitem
1480 2332 1631 2388 enixe

97 2417 300 2474 rogare,
342 2413 397 2456 ut
417 2405 710 2460 emendaret
730 2406 973 2477 quidquid
1005 2407 1054 2460 in
1082 2424 1170 2461 sua
1210 2408 1418 2479 epistola
1449 2426 1632 2463 emen-

95 2477 319 2532 dandum
386 2492 604 2552 putaret.
648 2480 1026 2538 Adhortamur
1073 2503 1166 2539 vos
1194 2525 1211 2556 ‚
1251 2483 1631 2559 sacratissimi,

96 2550 223 2609 haee
262 2555 448 2612 omnia
476 2599 494 2630 ,
538 2563 703 2633 tepere
736 2600 754 2631 ,
794 2567 842 2614 et
880 2558 925 2614 si
963 2558 1092 2631 quid
1117 2559 1350 2637 amplius
1388 2560 1632 2619 minusve

96 2628 428 2706 inveneritis,
471 2632 569 2691 hoc
604 2655 706 2710 per
744 2633 931 2692 datam
972 2633 1118 2692 vobis
1156 2658 1190 2692 a
1227 2638 1343 2694 Deo
1386 2638 1628 2712 qratiam

95 2703 387 2784 adimplere
411 2751 429 2782 ‚
471 2721 626 2785 atque
684 2732 785 2798 per
844 2723 1055 2770 sanctas
1091 2713 1318 2787 syllabas
1356 2725 1626 2775 vestras...

93 2803 228 2856 quae
264 2805 424 2860 super
451 2786 534 2844 his
573 2786 718 2846 vobis
745 2786 946 2866 fuerint
970 2793 1194 2865 placita,
1216 2791 1544 2869 siqnificare.
