1780 3038
141 211 285 254 ¹ctum
324 217 427 254 esse
468 209 609 271 puto,
645 199 691 251 si
731 200 780 250 1.
825 198 1214 263 consideremuS,
1256 194 1512 266 Sergium,
1554 191 1656 248 etsi·

154 277 451 330 vocabulum
483 278 694 329 duarum
722 275 1070 345 operationum
1102 272 1414 328 eliminatum
1441 289 1468 325 e
1497 288 1649 342 prae-r

153 355 398 407 dicatione
438 352 550 404 fidei
592 350 761 415 vellet,
805 362 968 402 tamen
1011 351 1147 404 vocis
1172 350 1322 403 etiam
1351 348 1497 400 unius
1523 364 1650 417 ope-

148 431 358 482 rationis
395 427 645 480 silentium
685 426 1039 496 expostulasse}
1077 443 1172 496 qua
1214 425 1275 479 de
1315 441 1458 478 causa
1490 421 1649 479 videri

151 515 346 575 poterat
382 522 439 558 ea
478 520 606 572 quae
643 503 704 555 de
740 519 840 554 una
863 503 1154 575 operatione
1180 502 1341 555 activa
1369 500 1508 564 dicit,
1531 517 1653 570 per-

157 582 381 634 tinaciter
419 597 520 633 non
561 578 845 631 defendere.
891 581 944 629 2.
989 596 1106 631 eum
1146 578 1342 650 petiisse
1380 577 1444 629 ab
1470 577 1655 630 Hono-

155 659 231 710 rio
264 696 283 727 ,
341 668 394 725 ut
417 656 637 708 'adderet
675 655 755 709 vel
796 655 1017 708 demeret
1056 673 1084 708 a
1143 653 1448 725 professione
1488 653 1601 707 fidei
1633 689 1654 720 ,

154 750 308 803 quam
347 733 619 798 emiserat,
659 731 899 801 quidquid
959 730 1199 802 placuerit
1242 748 1268 783 κ
1313 728 1658 782 Adhortamur

159 828 186 861 «
232 826 320 863 vos
357 808 670 862 sacratissimi
712 807 837 861 baec
877 808 1047 861 omnia
1087 806 1278 877 legere,
1318 816 1367 858 et
1404 805 1515 860 Deo
1543 804 1658 876 pla-

233 885 382 939 citam
422 902 480 938 ac
521 884 858 955 plenissimam
898 882 1215 950 charitatem,
1256 899 1384 952 quae
1424 881 1474 934 in
1519 881 1662 938 vobis

231 972 324 1027 est,
365 977 498 1013 nune
535 977 736 1030 quoque
773 972 1051 1030 sequentes,
1091 959 1130 1012 si
1170 960 1288 1030 quid
1317 957 1532 1029 amplius
1558 958 1659 1011 mi—

234 1054 389 1090 nusve
429 1037 737 1102 inveneritis,
778 1034 876 1090 hoc
917 1054 1006 1106 per
1044 1036 1210 1089 datam
1263 1033 1418 1088 Vobis
1469 1053 1497 1088 a
1549 1035 1661 1089 Deo

234 1114 449 1183 gratiam
493 1112 768 1185 adimplere
803 1149 820 1179 ,
880 1124 1026 1183 atque
1067 1129 1157 1183 per
1201 1122 1393 1165 sanctas
1450 1110 1665 1183 syllabas

164 1211 189 1244 ε(
235 1200 422 1243 vestras
460 1207 558 1243 una
599 1206 715 1243 cum
757 1200 918 1244 vestra
960 1188 1166 1259 optabili
1208 1189 1466 1259 sospitate,
1504 1204 1665 1257 quae-

165 1285 190 1318 «
234 1280 331 1336 que
370 1283 518 1336 super
557 1265 634 1318 his
675 1267 818 1320 vobis
875 1265 1057 1320 fuerint
1097 1264 1276 1336 placita
1302 1301 1319 1331 ,
1358 1263 1661 1334 significare.

162 1342 215 1395 3.
281 1359 490 1412 scopum
555 1341 768 1396 Honorii
828 1341 972 1395 fuisse
997 1381 1015 1412 ,
1082 1343 1331 1396 mediante
1406 1341 1665 1412 utriusque

163 1419 393 1472 vocabuli
451 1419 648 1473 silentio
676 1456 693 1486 ,
751 1435 928 1490 pacem
971 1419 1020 1471 in
1063 1418 1283 1473 Ecclesia
1323 1433 1568 1485 servare,
1619 1426 1673 1472 et.

163 1496 448 1566 consopitae
507 1494 733 1550 haereses
791 1512 854 1547 ne
914 1496 1093 1549 iterum
1150 1496 1486 1554 excitarentur
1519 1530 1536 1560 ‚
1578 1511 1670 1548 ca-

165 1588 301 1624 vere.
365 1571 440 1623 Ex
502 1570 579 1624 bis
619 1590 739 1627 vero
804 1572 1064 1625 deducitur
1103 1589 1205 1625 non
1265 1571 1491 1624 debuisse
1518 1571 1582 1624 ab
1607 1587 1670 1626 eo

169 1646 404 1717 Sergium
447 1648 704 1702 manifeste
744 1648 976 1718 redargui
1017 1649 1078 1702 de
1118 1646 1332 1714 haeresi,
1363 1664 1514 1718 quam
1548 1665 1673 1718 pro-

170 1723 447 1790 fitebatur3
513 1726 678 1795 primo
717 1725 922 1795 quidem
960 1725 1076 1795 quia
1114 1723 1394 1778 haereticus
1452 1724 1674 1778 formalis

168 1816 270 1853 non
311 1801 604 1870 apparebat,
645 1818 759 1854 cum
792 1819 892 1855 non
925 1811 1116 1872 peteret
1147 1801 1499 1854 definitionem
1529 1801 1677 1855 unius

169 1877 473 1946 operationis
509 1887 558 1931 et
597 1878 888 1944 voluntatiS,
915 1878 998 1930 sed
1021 1878 1274 1931 silentium
1296 1894 1447 1948 super
1474 1887 1676 1930 utrum-

169 1969 267 2021 que
307 1953 655 2021 vocabulum3
698 1954 876 2007 deinde
915 1954 1030 2023 quia
1071 1955 1222 2008 sidem
1260 1972 1401 2008 suam
1439 1953 1677 2007 subiicie-'

171 2029 256 2080 bat
297 2029 478 2082 iudicio
518 2030 735 2083 Romani
777 2031 1035 2084 Pontificis
1065 2068 1082 2097 ,
1142 2048 1300 2102 eaque
1339 2031 1402 2083 de
1440 2046 1584 2082 causa
1624 2047 1678 2085 se

171 2115 400 2175 paratum
439 2104 704 2159 exhibebat
742 2107 804 2159 ad
869 2106 1265 2177 amplectendam
1304 2124 1417 2159 eam
1457 2106 1626 2159 fidemi
1657 2142 1677 2175 ,

176 2198 327 2249 quam
358 2180 439 2233 hic
469 2182 643 2235 fuisset
670 2183 924 2250 docturu33
970 2184 1136 2253 tertio,
1166 2184 1280 2253 quia
1306 2183 1386 2236 illa
1411 2183 1679 2253 redarguto

177 2256 341 2309 fuisset
381 2269 553 2311 contra
595 2259 771 2328 finem,
812 2276 963 2329 quem
1002 2260 1092 2313 sibi
1134 2260 1436 2329 praefixerat
1481 2259 1682 2313 Roma-

175 2349 267 2385 nus
305 2335 556 2400 Pontifex;
595 2354 654 2388 ea
694 2335 830 2388 enirn
858 2335 1088 2406 explicite
1118 2336 1428 2389 definivisset
1456 2336 1684 2390 retinen-

177 2409 296 2475 dum
340 2409 639 2482 vpcabulum
678 2412 891 2466 duarum
930 2412 1278 2482 operationum
1311 2450 1327 2479 ,
1382 2412 1516 2465 aliud
1559 2429 1682 2466 vero

178 2485 521 2555 abrogandum
557 2526 574 2557 ,
614 2488 733 2541 dum
773 2489 1027 2557 utriusque
1067 2489 1203 2543 vocis
1239 2488 1488 2542 silentium
1531 2487 1686 2542 incul-

180 2562 346 2628 caba13
387 2564 588 2616 demum
639 2600 656 2630 ,
707 2564 822 2634 quia
864 2564 1068 2634 epistola
1125 2582 1212 2618 sua
1265 2565 1383 2618 sat-is
1429 2564 1686 2625 manifeste

182 2636 458 2691 doctrinam
522 2640 681 2710 Sergii
744 2639 1037 2711 refutabat,
1096 2657 1212 2694 cum
1276 2653 1327 2694 et
1398 2641 1521 2694 duas
1586 2659 1685 2695 vo·-

184 2710 394 2767 luntates
431 2726 479 2768 et
518 2716 638 2770 duas
677 2717 990 2786 operationes
1018 2756 1035 2787 ,
1102 2718 1190 2771 etsi
1232 2717 1340 2771 aliis
1382 2719 1547 2772 verbis
1586 2718 1680 2771 ad-

118 2862 120 2865 v
186 2788 422 2862 mitteret,
461 2801 606 2864 atque
647 2793 876 2847 traditam
917 2811 945 2849 a
983 2811 1034 2848 sc
1073 2793 1350 2849 doctrinam
1390 2794 1436 2848 ei
1477 2795 1685 2865 praedi-

160 904 189 1166 8282
