1780 3038
129 273 159 306 α,
201 248 482 306 catholicae
518 249 778 306 adstruunt
819 250 1068 304 Ecclesiae
1101 290 1117 320 ‚
1160 250 1282 304 duas
1321 250 1639 320 operationes

129 346 157 382 ι
205 327 255 380 in
295 326 494 380 Christo
535 327 701 380 dicere
744 328 1019 393 tradidisse,
1051 337 1398 396 opportunum
1437 336 1509 378 est
1550 344 1643 397 per

129 422 157 456 ι
203 404 372 458 omnia
412 404 569 474 sequi.
614 403 838 457 Omnino
879 404 1015 457 enim
1058 419 1256 456 necesse
1296 413 1389 466 est,
1421 419 1522 455 non
1564 421 1642 455 so-

129 498 158 533 «
203 480 308 533 lum
346 481 624 533 secundum
662 498 864 534 sensum
903 481 1041 551 sequi
1082 491 1372 533 sanctorum
1433 481 1641 532 Patrum

129 566 159 610 ἰ
201 557 462 627 dogmata,
502 558 585 610 sed
627 567 676 611 et
715 558 903 611 eisdem
944 557 1152 611 vocibus
1194 558 1262 610 uti
1311 572 1431 610 cum
1493 556 1587 610 illis
1618 596 1636 623 ‚

129 650 160 687 κ
203 633 430 703 nihilque
471 635 670 704 penitus
712 636 975 688 innovare.

203 710 255 763 Si
295 710 406 781 quis
447 712 599 781 igitur
639 710 784 779 haec,
825 729 954 783 quae
995 709 1200 780 Sergius
1237 709 1408 764 scribit
1449 709 1508 763 ad
1534 708 1641 781 Cy-

126 802 280 853 rum,
334 787 560 842 conferat
618 805 733 843 cum
797 788 854 840 iis
918 805 1047 858 quae
1088 788 1408 860 reperiuntur
1447 804 1536 839 nn.
1588 788 1635 840 1.

126 863 181 916 2.
227 863 279 917 3.
343 874 393 917 et
455 864 506 917 t.
569 865 809 936 epistolae
850 865 912 917 ad
972 864 1285 930 Honorium‚
1326 881 1498 918 nonne
1548 863 1642 916 de-

125 937 396 1011 prehendit
434 941 666 995 eamdcm
726 941 986 1001 historiam
1012 978 1028 1008 ,
1069 941 1266 995 easdem
1327 940 1597 994 sententias
1623 977 1640 1006 ‚

122 1016 362 1070 eumdem
426 1018 615 1090 stylum
641 1056 658 1085 ‚
719 1019 955 1072 eumdem
1015 1017 1252 1088 loquendi
1326 1018 1532 1070 modum
1594 1027 1643 1071 et

125 1091 230 1147 fere
290 1094 466 1148 eadem
517 1097 692 1164 verba3
733 1096 798 1148 ita
841 1106 894 1148 ut
935 1094 1242 1165 impossibile
1282 1095 1343 1146 sit
1382 1091 1640 1148 diversum

124 1186 154 1222 a
195 1170 380 1240 Sergio
415 1182 673 1225 auctorem
731 1166 1091 1241 cognoscere?
1152 1170 1451 1224 Conferatur
1500 1172 1642 1223 insu-

126 1262 221 1318 per
258 1265 317 1301 ea
357 1248 520 1318 Sergii
563 1249 624 1302 ad
665 1249 856 1321 Cyrum
922 1246 1128 1318 epistola
1155 1288 1172 1318 ,
1235 1265 1365 1318 quae
1406 1247 1530 1302 lecta
1571 1259 1644 1301 est

129 1322 199 1375 in¹
223 1321 453 1378 Concilio
495 1326 820 1380 Lateranensi
851 1326 942 1379 sub
973 1324 1192 1378 Martino
1222 1325 1503 1379 Secretario
1545 1325 1641 1392 1113

124 1407 176 1453 et
215 1401 491 1473 praecipue
526 1401 651 1457 haec
680 1404 833 1457 verba
889 1401 1235 1469 conserantur-3
1276 1398 1444 1472 Atque
1492 1421 1644 1456 eam-

122 1471 245 1530 dem
283 1496 453 1533 unum
517 1476 792 1535 Christum
858 1476 1075 1553 operari
1131 1477 1246 1532 Deo
1309 1475 1554 1533 decibilia
1596 1488 1644 1533 et

125 1548 366 1609 humana
404 1574 514 1610 una
577 1554 879 1630 operatione
903 1597 919 1627 ‚
962 1552 1086 1627 qaia
1126 1551 1300 1610 omnis
1364 1552 1550 1610 divi-na
1592 1564 1640 1610 et

121 1625 372 1685 humana
406 1632 643 1706 operatio
670 1652 736 1688 ex
762 1652 869 1688 utto
909 1629 1186 1703 eodemque
1213 1629 1496 1687 incarnato
1525 1631 1641 1688 Deo

134 1702 303 1761 Verbo
336 1706 663 1782 procedebat.
708 1712 891 1765 Nonne
931 1708 1057 1763 haec
1097 1709 1311 1763 identica
1350 1720 1467 1763 sunt
1521 1725 1642 1764 eum

127 1781 191 1838 iis
227 1801 357 1855 quae
396 1786 459 1840 ad
497 1786 788 1842 Honorium
827 1786 997 1841 scribit
1022 1783 1053 1840 ἶ)
1093 1787 1256 1840 Nemo
1299 1786 1452 1855 igitur
1491 1788 1643 1840 ratio-

126 1859 362 1916 nabiliter
400 1863 668 1919 defendere
709 1875 889 1936 potest,
930 1864 1114 1934 scripta
1155 1880 1257 1916 non
1289 1863 1435 1917 fuisse
1469 1880 1495 1916 a
1528 1865 1643 1917 Ser-

127 1935 214 2005 gio
253 1956 336 2006 ea,
376 1957 506 2011 quae
544 1942 677 1995 circa
716 1942 909 2013 Cyrum
941 1940 1192 1995 habentur
1233 1941 1282 1992 in
1326 1940 1546 2010 Epistola
1579 1942 1641 1994 ad

127 2011 439 2084 Honorium‚
480 2034 597 2072 cum
638 2019 766 2091 stylo
809 2036 1010 2089 prorsus
1049 2018 1231 2071 eodem
1273 2016 1555 2070 habeantur
1590 2019 1639 2070 in

126 2087 227 2143 hac
265 2093 372 2147 eius
410 2094 470 2148 ad
512 2094 705 2167 Cyrum
744 2095 971 2167 epistola.
1028 2095 1176 2148 Nune
1215 2095 1278 2147 ad
1318 2093 1638 2149 difficultates

129 2171 410 2239 propositas
450 2173 514 2225 ab
553 2173 888 2227 eruditissimo
930 2172 1202 2242 Episcopo.

211 2246 279 2299 Et
316 2248 481 2318 quoad
549 2252 767 2320 primam
833 2249 1040 2321 petitam
1081 2266 1143 2301 ex
1182 2246 1520 2319 disputatione
1582 2247 1634 2300 S.

129 2323 341 2377 Maximi
381 2341 498 2379 cum
536 2326 744 2394 Pirrho,
785 2343 867 2380 me
907 2325 1144 2397 expedire
1173 2342 1368 2396 possem
1397 2325 1633 2392 dicend0‚

129 2400 347 2455 verbum
387 2401 508 2456 illud
550 2400 1024 2477 commonefactum
1070 2399 1324 2473 Vz‘qilium
1364 2402 1427 2454 de
1466 2401 1633 2455 libello

125 2476 372 2545 Mennae‚
393 2480 711 2534 substitutum
734 2479 980 2534 vocabulo
1022 2485 1329 2553 porrectam
1354 2518 1370 2548 ‚
1400 2481 1637 2530 Amanu-

130 2554 328 2607 ensium
398 2556 586 2611 incuria
614 2595 630 2624 ‚
689 2568 743 2611 ut
782 2574 884 2611 non
944 2555 1095 2609 semel
1136 2555 1367 2624 contigit,
1410 2572 1639 2626 praeser-

131 2629 222 2684 tim
264 2631 314 2683 in
356 2649 537 2703 graeco
578 2636 815 2690 idiomate
872 2671 888 2703 ‚
919 2651 1018 2705 quo
1056 2642 1258 2686 exarata
1301 2631 1391 2684 fuit
1431 2632 1646 2705 epistola

131 2706 314 2779 Sergii.

1351 2859 1386 2912 4
