1780 3038
790 216 864 225 ..-.
905 184 973 238 76
1015 217 1087 224 -.

187 264 297 317 ¹sive
337 263 616 332 epistolam,
657 262 761 316 sive
803 262 1040 317 volumen
1081 256 1686 330 quodcumque331terum

197 342 247 392 in
286 340 605 391 similitudine
625 338 736 408 styli
766 340 1144 401 sententiarum,
1173 345 1222 388 et
1250 337 1442 389 ratione
1473 337 1687 406 loquen-

196 418 267 485 dt,
296 433 444 484 quam
484 415 634 466 habet
671 414 908 483 scriptum
934 452 950 480 7
993 414 1053 465 de
1093 429 1192 481 quo
1232 414 1529 481 quaeritur,
1571 428 1688 464 cum
1746 444 1748 446 v

198 492 306 544 aliis
344 491 622 542 certissimis
661 490 879 542 eiusdem
926 484 1179 559 scriptoris
1207 489 1458 557 operibuS.
1500 494 1503 495 ’
1602 495 1612 504 ·“

271 567 380 618 Hoc
420 567 629 618 alterum
671 566 908 617 indicium
968 565 1306 635 praetermitto
1338 582 1356 632 3
1396 582 1510 618 cum
1551 562 1690 618 enim

198 642 357 693 nullas
396 641 515 694 alias
554 642 766 694 Honorii
808 642 1039 712 epistolas
1078 640 1374 708 habeamm,
1402 659 1530 712 quae
1557 642 1691 696 circa

197 717 444 776 haeresim
467 716 895 771 Monothelitioam
926 728 1205 784 versentur3
1247 719 1578 789 comparatio,
1601 725 1692 771 ac÷

199 804 367 846 curata
427 794 599 847 saltem
639 803 688 845 et
726 810 853 864 quae
893 795 1236 864 quaestionem
1275 794 1522 861 dirimat,
1565 795 1694 857 inter

197 871 376 940 scripta
416 871 520 923 eius
561 871 743 923 institui
787 873 973 940 nequit.
1019 871 1208 923 Verum
1247 871 1360 923 satis
1407 870 1531 924 milti
1571 871 1691 937 erit,

198 947 235 998 si
277 948 340 1000 ob
380 946 678 1012 doctrinam,
721 965 872 1017 quam
914 948 1210 1017 continent,
1255 946 1378 999 nulli
1418 946 1695 1002 Monothe-

199 1023 313 1076 litae
352 1023 501 1075 tribui
569 1040 708 1093 posse
759 1024 1226 1078 demonstraverim.
1289 1023 1402 1077 Hoc
1465 1024 1696 1077 enimin

197 1116 335 1169 casu,
377 1100 768 1168 cumepistolae
808 1102 984 1154 citatae
1023 1117 1222 1170 semper
1268 1099 1500 1154 Honorio
1544 1100 1697 1163 adiu-‚-

200 1176 389 1228 dicatae
430 1176 526 1227 sint
566 1186 670 1229 tum
711 1195 738 1229 a
779 1178 1002 1243 GraeciS,
1034 1188 1187 1229 tuma
1217 1176 1430 1244 LatiniS,
1472 1176 1696 1248 nullique

201 1251 283 1303 alii
325 1262 579 1321 praeterea
619 1269 647 1304 a
702 1255 1061 1307 recentioribus
1101 1253 1403 1322 tribuant-urg
1448 1264 1595 1324 atq-ue
1634 1253 1697 1307 de
1766 1261 1769 1263 ’

201 1338 366 1381 cetero
406 1345 433 1380 a
476 1327 817 1389 Monothelitis
858 1331 1058 1401 prodire
1099 1346 1200 1383 non
1242 1330 1520 1400 potuerint,
1562 1331 1697 1401 quod

196 1421 372 1457 eorum
413 1404 644 1473 dogmate
670 1442 699 1470 „
729 1408 793 1459 ob
833 1408 1112 1461 doctrinam
1152 1424 1305 1477 quam
1376 1408 1646 1466 continent
1676 1435 1696 1473 ·‚

199 1497 517 1550 summopere
584 1481 932 1549 abhorreant,
974 1501 1144 1537 nonne
1181 1483 1282 1536 hoc
1324 1484 1428 1554 ipso
1467 1484 1699 1538 Honorio

201 1573 401 1627 prorsus
440 1566 552 1609 sunt
592 1556 916 1632 tribuendae?
945 1558 1016 1633 (t)
1059 1561 1168 1612 Iam
1210 1577 1352 1627 vern,
1397 1566 1501 1613 uta
1529 1561 1699 1632 primo

202 1633 362 1698 capite
402 1635 653 1705 exordiar,
695 1643 888 1704 certum
930 1635 1218 1690 habendum
1274 1654 1381 1690 esse
1420 1637 1649 1691 existimo
1676 1674 1700 1704 ,

202 1710 458 1762 Romanos
496 1711 782 1782 Po.ntificeS‚
824 1714 907 1783 qui
949 1724 1058 1784 post
1102 1714 1389 1766 Honorium
1436 1714 1571 1775 Petri
1610 1730 1703 1767 ca·-

192 1783 431 1838 *thedram
471 1788 713 1855 moderati
741 1801 875 1856 sunt,
902 1791 1062 1861 ,probe
1101 1790 1323 1861 scivisse,
1353 1791 1610 1844 Honorius
1637 1808 1702 1845 ne

203 1860 309 1913 illas
349 1862 409 1914 ad
450 1862 680 1933 Sergium
709 1867 939 1936 epistolas
965 1867 1233 1938 scripserit.
1278 1869 1536 1937 Agebatur
1562 1868 1701 1922 enim

196 1938 263 1991 ,de
304 1955 377 2001 re,
418 1939 852 1998 cuiusveritatem
892 1961 1034 1997 nosse
1071 1961 1163 1997 eos.
1194 1944 1402 1997 maximi
1446 1944 1704 2015 intererat,

197 2030 320 2065 cum
361 2014 573 2068 Honorii
615 2021 817 2072 nomine
869 2019 1234 2074 Monothelitae
1280 2022 1604 2074 abuterentur
1641 2022 1705 2075 ad

205 2088 453 2142 haeresim
505 2109 645 2146 suam
692 2098 1111 2166 propugnandam
1137 2134 1153 2160 ‚
1206 2107 1253 2150 et
1292 2114 1451 2167 grave
1484 2097 1705 2168 proinde

206 2165 390 2219 vulnus
430 2167 689 2223 Romanae
748 2172 1012 2227 cathedrae
1073 2172 1387 2243 infligeretur
1416 2210 1432 2240 ‚
1466 2174 1615 2227 >cuius
1654 2175 1706 2229 in

205 2241 301 2294 fide
344 2242 666 2299 inerrantiam
725 2266 922 2320 semper
979 2251 1199 2304 Romani
1239 2250 1510 2304 Pontifices
1559 2267 1707 2305 com-

206 2318 585 2382 mendaverant.
651 2326 800 2394 Atqui
840 2327 946 2381 sive
985 2343 1073 2380 eos
1109 2327 1379 2381 Pontifices
1422 2327 1708 2398 interroge-

207 2411 337 2458 mus,
372 2397 454 2464 qui
496 2409 610 2450 ante
649 2400 928 2455 Concilium
956 2403 1044 2455 VI.
1068 2420 1321 2456 summum
1344 2421 1540 2474 gessere
1567 2405 1708 2457 Pon-

199 2470 467 2540 tificatum,
495 2474 612 2530 sive
648 2493 757 2549 θος,
799 2479 883 2549 qui
922 2490 1118 2551 postea,
1157 2498 1356 2552 semper
1390 2480 1709 2538 inveniemus

265 2619 321 2674 (l)
355 2619 480 2686 Atque
511 2622 609 2667 haec
639 2661 648 2678 ‚
683 2634 724 2669 ut
755 2630 938 2683 generice
969 2630 1120 2688 loquar.
1166 2630 1241 2674 Pro
1275 2631 1324 2675 iis
1348 2631 1450 2675 enim
1474 2631 1538 2689 qui
1563 2630 1710 2675 alteru-

198 2680 538 2744 trant-epistolam
570 2686 808 2743 suppositam
841 2688 1071 2747 defendunt,
1121 2690 1193 2733 etsi
1223 2699 1468 2747 corruptam,
1493 2690 1639 2748 optime
1663 2705 1711 2735 et

200 2736 459 2782 similitudine
491 2741 580 2797 styli
612 2751 650 2786 et
681 2747 977 2801 sententiarum,
1006 2761 1144 2792 ‘eorum
1174 2749 1308 2806 opinio
1342 2749 1501 2793 refutari
1530 2758 1677 2807 posset.
