1780 3038
276 274 528 331 Honorius
567 271 714 341 liujus
752 284 961 341 graecae
1000 270 1163 341 vulpis
1221 265 1691 321 fraudemminime

201 356 490 424 suspicatuS‚
531 365 645 400 cum
673 348 874 417 Sergius
912 348 975 401 ab
1037 344 1268 400 omnibus
1307 354 1360 396 ut
1417 343 1692 413 Episcopus

204 431 349 501 plane
390 425 658 480 catholicus
698 422 985 492 haberetur,
1028 435 1174 492 atque
1202 420 1576 474 conservandae
1603 435 1692 470 ca-

203 506 416 558 tholicae
455 500 654 553 unitatis
693 500 874 569 gratia,
917 499 1053 550 illam
1092 498 1339 568 scripsisse
1381 496 1575 550 literam
1610 493 1690 547 vi-

201 584 303 634 deri
347 588 551 650 posset,
593 576 651 626 ad
696 576 854 645 ipsum
895 575 1037 627 binas
1075 574 1210 627 dedit
1257 572 1527 644 epistolas,
1568 588 1692 641 quas

203 658 403 709 inferius
482 651 700 705 recitabo
758 662 807 703 et
870 650 1152 721 expendam
1210 691 1226 720 ‚
1294 649 1475 719 quibus
1538 648 1693 700 silen-
1736 688 1746 702 .

201 735 323 785 tium
366 748 391 782 a
433 728 608 797 Sergio
650 727 857 797 petitum
899 727 1107 779 omnino
1166 726 1427 797 probabat.
1470 723 1691 780 Intuen-

199 818 269 862 tes
336 802 463 858 satis
513 799 731 876 provide
795 800 1258 875 circumspecteque
1294 798 1690 876 fraternitatem

198 892 424 938 vestram
465 876 744 952 scripsisse,
805 875 1088 932 laudamus
1126 876 1413 932 novitatem
1453 872 1694 931 vocabuli

197 957 537 1034 auferentem,
570 952 715 1026 'qaod
731 964 896 1028 posset
919 950 1227 1008 scandalum
1258 950 1578 1027 simplicibus
1601 970 1691 1024 qe—

197 1054 403 1091 nerare.
446 1034 517 1085 lta
560 1032 608 1084 in
648 1049 732 1083 sua
775 1032 937 1103 prima
978 1030 1040 1082 ad
1080 1030 1312 1100 Sergium
1355 1029 1595 1102 Epistola.
1631 1029 1690 1082 ln

199 1114 351 1166 altera
393 1127 531 1164 vero.
574 1105 881 1183 Auserentes
907 1121 1053 1178 crya,
1081 1104 1217 1161 sicut
1253 1103 1513 1177 (haimim,
1535 1125 1691 1161 scan-

196 1187 380 1244 datum
417 1182 646 1240 novellae
685 1179 1099 1253 adinventionz’S,
1139 1202 1248 1237 non
1286 1201 1381 1238 nos
1420 1189 1686 1256 oportet...

198 1283 363 1320 urtam
401 1265 477 1315 vel
515 1258 650 1315 duas
670 1257 997 1334 operationes
1022 1255 1330 1334 definientes
1351 1255 1684 1334 praedicare.

272 1338 603 1393 Insistendum
644 1347 811 1391 autem
852 1354 955 1390 esse
995 1335 1278 1390 affirmabat
1316 1337 1686 1407 antiquae‘fidei

199 1435 226 1469 a
266 1417 493 1468 Patribus
535 1414 760 1467 traditae.
802 1410 912 1470 Nos
949 1409 1089 1468 enim
1129 1410 1186 1468 in
1225 1411 1326 1484 'quo
1360 1409 1690 1488 percepimus

199 1500 398 1567 oportet
436 1486 726 1544 ambulare.

273 1570 433 1637 Atque
474 1567 534 1619 ad
574 1565 900 1620 ever-tendum
940 1582 1118 1619 eorum
1159 1575 1506 1621 commentum
1537 1603 1555 1634 ‚
1602 1569 1688 1639 qui

197 1662 259 1697 ex
298 1645 486 1697 duabus
525 1643 576 1695 in
615 1641 809 1696 Christo
851 1642 1190 1697 voluntatibus
1228 1643 1367 1714 sequi
1409 1645 1688 1699 contende-

197 1722 315 1773 bant
345 1721 561 1790 ipsarum
608 1719 922 1773 voluntatum
974 1736 1225 1789 pugnam,
1255 1737 1412 1773 unam
1455 1720 1504 1773 in
1533 1720 1689 1774 Chri-

197 1808 269 1850 sto
322 1798 472 1849 fuisse
512 1796 821 1850 voluntatem
875 1794 1153 1849 humanam
1196 1797 1396 1851 fatetur:
1422 1793 1496 1871 (1)
1541 1795 1688 1853 Unde

197 1883 243 1928 et
280 1893 445 1927 anam
483 1877 802 1927 volantatem
839 1869 1078 1946 fatemur
1114 1870 1345 1928 Domini
1381 1871 1571 1930 Nostri
1589 1873 1683 1931 Je-

196 1970 256 2003 su,
299 1946 514 2004 Christi.

269 2028 430 2096 Atque
470 2035 731 2097 postquam
772 2023 1120 2093 affirmaverit,
1161 2043 1274 2080 eam
1316 2026 1492 2094 fidem,
1533 2044 1686 2098 quam

199 2102 299 2171 ipse
342 2104 389 2154 in
430 2119 515 2155 sua
557 2103 761 2173 epistola
803 2102 970 2168 tradit,
1012 2119 1116 2155 esse
1145 2121 1319 2157 veram
1353 2103 1687 2158 catholicam-

195 2195 290 2247 que
332 2178 499 2244 fidem‚
541 2179 716 2249 Sergio
758 2178 951 2243 indicit,
981 2189 1034 2231 ut
1071 2196 1184 2234 eam
1214 2180 1328 2251 ⁴ipse
1395 2181 1691 2251 profiteatur·

196 2264 243 2305 et
284 2256 550 2324 praedicet:
618 2255 759 2310 Haec
811 2252 1079 2310 nobiscum
1163 2253 1457 2312 raternitas
1513 2267 1690 2313 vestra

193 2327 645 2401 praedicet,·sicut
691 2340 738 2386 et
782 2350 876 2385 nos
928 2350 989 2385 ca
1052 2351 1116 2386 vo
1153 2330 1318 2387 iseum
1357 2331 1691 2395 unanimiter

192 2403 577 2477 praedicamus,
608 2406 876 2463 hortantes
914 2426 1026 2474 vos,
1068 2417 1129 2463 ut
1152 2407 1313 2464 unias
1333 2413 1410 2464 vet
1447 2409 1691 2483 qeminae

195 2499 356 2535 novae
403 2483 542 2538 vocis
579 2482 855 2539 ind-actum
875 2482 1195 2557 operationis
1231 2482 1545 2544 vocabalum
1585 2507 1689 2544 au-

192 2553 464 2628 sufflantes,
498 2579 664 2616 unum
694 2557 963 2615 nobiscum
984 2559 1283 2617 Dominum
1310 2560 1490 2618 Iesum
1525 2562 1689 2620 Chri-

195 2641 333 2687 stum
374 2633 423 2687 F
424 2633 570 2690 ilium
600 2635 700 2692 Dei
726 2633 856 2704 vivi,
896 2635 1073 2692 Deum
1099 2635 1434 2694 verissimam
1463 2638 1521 2697 in
1545 2639 1690 2698 dua-

212 2839 220 2847 ·
248 2783 304 2836 (1)
338 2782 447 2828 Hunc
479 2800 562 2831 esse
579 2802 730 2832 sensum
763 2788 863 2833 illius
892 2787 1109 2836 sententiae
1141 2790 1441 2837 evidentissimis
1473 2806 1688 2851 argumen-

192 2847 242 2882 tis
276 2842 374 2885 intra
404 2847 692 2891 demonstrabo.
