1780 3038
655 221 994 279 —177—

607 382 906 455 CAPUT
955 383 1047 454 tx.

79 540 289 577 PA'rmzs
318 541 661 578 ORIENTAL‘ES
687 539 735 587 (1)
765 548 822 582 ΙΝ
849 547 1108 582 culmino
1140 547 1214 581 VI.
1250 545 1591 582 DAMNARUNT

90 623 92 625 -
449 602 738 640 110N01um1
769 606 838 640 UT
854 605 1214 641 nAffltETICUM

155 746 268 801 Hoc
315 746 365 799 in
415 748 577 819 capite
635 752 866 820 quamvis
925 751 1234 805 Graecorum
1293 754 1594 808 sententiam

82 823 356 877 instaurare
380 824 572 895 videar,
602 828 686 895 qui
717 828 937 881 arbitrati
966 841 1078 881 sunt
1111 829 1397 882 Honorium
1421 830 1470 882 in
1499 830 1587 883 vt.

83 900 290 971 Synodo
332 910 386 953 ut
426 899 733 955 haereticum
763 904 1053 958 damnatum
1083 905 1248 972 fuisse,
1279 915 1443 959 tamen
1487 923 1592 959 non

84 993 338 1045 moveor3
379 987 484 1030 tum
525 979 642 1048 quia
685 996 787 1033 non
847 982 1018 1035 omnia
1077 998 1207 1051 quae
1265 982 1444 1036 Graeci
1485 983 1593 1037 sive

83 1049 315 1107 catholici
356 1054 462 1107 sive
518 1053 816 1109 schismatici
879 1058 1227 1128 scripserunt,
1271 1058 1423 1111 veluti
1473 1059 1596 1113 salsa

83 1130 304 1201 putanda
344 1141 479 1197 sunt3
523 1142 631 1183 tum
671 1133 786 1201 quia
818 1133 1019 1203 plurimi
1060 1134 1212 1186 etiam
1252 1134 1462 1188 Latinae
1495 1135 1596 1188 Ec·-

83 1206 264 1260 clesiae
305 1217 531 1260 auctores
571 1218 771 1262 strenue
797 1210 1009 1280 idipsum
1042 1210 1403 1277 defenderunt,
1445 1221 1603 1280 atque-

84 1282 339 1354 piaculum
363 1283 424 1335 ab
448 1282 541 1335 hac
567 1285 811 1337 sententia
836 1286 1067 1339 recedere
1097 1297 1353 1357 putarunt.
1399 1284 1472 1360 (2)
1500 1287 1597 1341 Tot

86 1359 222 1412 enim
262 1375 321 1413 ac
361 1369 494 1412 tanta
530 1376 620 1430 pro
661 1378 718 1414 ea
747 1361 1045 1415 documenta
1078 1362 1311 1429 militant,
1336 1369 1391 1416 ut
1423 1374 1596 1434 putem

87 1435 278 1489 facilius
318 1453 459 1507 posse
514 1435 711 1490 defendi
741 1440 863 1491 Acta
904 1438 1114 1493 Concilii
1144 1439 1230 1491 vt.
1267 1439 1410 1493 foede
1451 1439 1598 1493 fuisse

87 1529 116 1567 a
157 1512 500 1566 Monothelitis
538 1525 773 1585 corrupta
818 1551 835 1578 ,
876 1532 1028 1585 quam
1067 1532 1130 1570 ex
1169 1515 1599 1570 documentisex-

88 1589 305 1642 tantibus
344 1589 686 1644 demonstrare
719 1590 1005 1644 Honorium
1042 1590 1379 1662 negligentiae
1419 1603 1465 1646 et
1496 1609 1598 1646 non

89 1663 308 1720 haeresis
348 1665 498 1720 fuisse
538 1666 848 1720 damnatum.
886 1668 950 1721 Et
978 1678 1030 1721 ut
1066 1669 1259 1722 sincere
1299 1668 1484 1736 dicamg
1510 1669 1597 1739 qni

90 1742 400 1796 contrariam·
437 1743 734 1796 sententiam
786 1744 1079 1815 defendunt,
1131 1745 1242 1799 ideo
1288 1745 1334 1799 ei
1382 1744 1599 1799 anathe-

89 1835 175 1874 ma
201 1819 389 1872 dietum
417 1819 755 1890 negligentiae
774 1836 919 1874 causa
943 1831 1202 1892 putarunt,
1227 1821 1342 1892 quia
1366 1838 1481 1875 cum
1505 1834 1599 1874 ne*-

91 1912 212 1967 gare
273 1912 386 1949 non.
435 1907 633 1967 possent
670 1898 778 1950 eius
834 1898 1068 1969 epistolas
1121 1897 1273 1970 plane
1330 1895 1600 1952 catholicas
1675 1926 1684 1931 s

91 1989 215 2039 esse,
256 1972 295 2024 si
337 1969 555 2026 haeresis
593 1973 887 2027 damnatum
926 1974 1255 2046 scripsissent,
1298 1992 1400 2028 non
1452 1974 1600 2029 vide-

93 2049 213 2102 bant
251 2050 505 2119 quomodo
535 2050 789 2103 conciliari
833 2061 995 2121 posset
1037 2051 1359 2104 infallibilitas
1387 2050 1597 2104 Concilii

94 2124 183 2180 VI.
233 2141 348 2178 cum
410 2124 505 2180 hac
564 2126 906 2180 damnatione.
952 2130 1014 2180 At
1056 2127 1181 2180 inira
1242 2128 1595 2181 demonstrabo

94 2217 199 2257 non
236 2200 460 2257 absolute
519 2202 733 2258 Concilii
794 2203 1006 2259 alicuius
1062 2204 1372 2259 oecumenici
1432 2214 1600 2275 patres
1676 2261 1683 2269 ‚

150 2351 213 2409 (1)
243 2350 336 2397 ldeo
384 2350 474 2397 dico
516 2352 651 2400 Patres
682 2353 932 2406 orientales,
975 2354 1066 2412 quia
1108 2367 1153 2399 ca
1183 2354 1302 2398 itibus
1342 2352 1601 2409 sequentibus

95 2410 278 2470 plurimis
323 2413 567 2468 argumentis
589 2414 863 2473 propugnabO,
915 2413 1132 2459 Concilium
1202 2412 1233 2457 l.
1267 2412 1357 2456 dum
1379 2410 1599 2456 Honorium

3 2511 9 2514 ,
96 2469 296 2514 damnavit
325 2484 454 2528 neque
485 2470 717 2528 legitimum,
750 2486 878 2530 neque
910 2472 1201 2516 oecumenicum
1241 2472 1360 2523 fuisse
1386 2486 1395 2522 ;
1439 2469 1601 2512 damna-

97 2528 240 2573 tionem
271 2528 376 2572 illam
407 2539 645 2591 quapropter
676 2546 753 2575 non
786 2544 871 2574 esse
903 2530 1151 2574 tribuendam
1184 2529 1327 2574 iudicio
1364 2526 1596 2582 Ecclesiae;

98 2585 170 2632 sed
203 2586 380 2645 privatae
411 2591 630 2635 sententiae
659 2588 943 2649 Episcoporum
975 2587 1248 2636 Orientalium.

157 2720 216 2778 (2)
246 2719 325 2776 Qui
377 2721 599 2770 alterutram
641 2725 875 2769 sententiam
920 2722 1138 2767 defendunt
1174 2722 1251 2781 legi
1292 2729 1456 2789 possunt
1496 2734 1517 2765 a
1549 2720 1602 2765 ud

22 2771 24 2775 ⁵
98 2777 302 2834 Matranga
333 2783 371 2824 in
403 2782 505 2826 notis
537 2780 587 2828 a'd
619 2781 902 2829 Mamachium.
937 2781 1053 2840 Orig.
1088 2790 1128 2826 et
1158 2784 1346 2840 antiquit.
1379 2779 1494 2825 Tom.
1563 2779 1602 2824 l.

100 2853 192 2898 pag.
226 2836 298 2883 77.
333 2838 435 2885 Nota
457 2841 497 2885 6.
1382 2900 1449 2953 1²>
