1780 3038
159 246 267 298 eius
302 241 491 314 primae
531 237 591 291 ad
631 235 884 303 Sergium:
937 226 1081 287 Unde
1119 235 1166 281 et
1204 244 1370 280 unam
1397 223 1654 282 volunta-

161 331 263 376 lem
301 315 531 393 fatemur
595 307 818 366 Domini
857 304 1040 364 Nostri
1078 302 1196 358 Iesu
1268 299 1511 370 Christi3
1553 319 1653 357 non

161 407 326 450 autem
392 393 567 445 abusos
607 389 896 439 auctoritate
950 386 1055 436 eius
1096 381 1156 433 ad
1198 379 1561 433 defendendam
1607 382 1655 432 in

165 472 359 525 Christo
400 484 552 519 unam
618 465 961 533 operationem
989 497 1005 526 ,
1046 474 1161 510 cum
1201 473 1350 527 super
1410 457 1656 509 eiusmodi

162 545 405 602 vocabulo
447 544 727 608 rigorosum
757 538 1008 591 silentium
1041 534 1291 586 indixerit..
1335 531 1461 598 Cum
1495 534 1660 603 itaque

161 621 430 678 sententiae
469 616 707 685 Honorii,
749 633 844 685 qua
887 610 1250 666 Monothelitae
1295 610 1654 679 abutebantur,

159 697 515 769 responderent
553 694 613 745 de
676 702 776 746 tota
819 691 978 760 Sergii
1022 687 1243 757 Epistoia
1287 685 1440 740 verba
1486 686 1656 755 paullo

161 791 307 845 supra
350 772 530 842 posita,
572 786 630 822 ea
670 769 884 821 Ioannes
915 763 1181 828 recensuit,
1211 762 1331 833 quin
1362 767 1533 814 tamen
1563 762 1661 816 aii‘a

160 850 464 904 excluderet.
498 852 864 916 Argumentum
888 842 1068 895 deinde
1096 838 1364 892 doctissimi
1397 839 1490 891 viri
1520 856 1663 891 sum-

161 943 364 998 mopere
432 935 572 976 nutat
637 924 790 975 etiam
854 920 1048 973 ratione
1117 916 1341 975 criticae.
1404 915 1456 966 Si
1523 916 1662 968 enim

159 1021 241 1056 ex.
286 1018 363 1071 gr.
408 1001 459 1052 S.
492 999 690 1070 Agatho
733 1006 931 1068 arrepta
961 994 1102 1048 Pauli
1133 992 1659 1063 Constantinopolita-

162 1079 212 1131 ni
253 1076 474 1149 Epistola
532 1094 679 1142 supra
722 1076 891 1137 citata,
932 1071 1201 1143 scripsisset
1260 1068 1320 1121 ad
1383 1068 1662 1138 Georgium

160 1153 525 1208 Patriarcham:
572 1148 773 1207 Paulas
819 1144 1150 1205 Patriarcha
1194 1140 1466 1200 Theodoro
1506 1143 1664 1215 [atejus

165 1227 317 1285 Urbis
353 1228 600 1303 Episcopo
629 1225 856 1301 scripsit:
899 1245 949 1279 se
988 1233 1032 1280 et
1070 1219 1343 1294 Synodum
1381 1240 1535 1276 suam
1575 1221 1694 1277 iit--

163 1304 383 1378 telliqere
422 1324 586 1359 unam
625 1308 941 1358 volantatem
983 1296 1204 1356 Domini
1246 1297 1311 1355 Ν.
1368 1296 1415 1353 Ι.
1462 1295 1665 1353 Christi

164 1402 228 1436 ne
265 1379 687 1436 contrarietatem
710 1387 802 1434 aul
828 1375 1189 1453 differentiam
1210 1374 1541 1432 voluntatum
1569 1372 1667 1430 uni

165 1456 425 1530 eidemque
462 1476 715 1532 personae
753 1453 1015 1529 applicari
1046 1450 1335 1522 vide-retum
1376 1463 1668 1522 sequeretur

162 1553 226 1590 ne
268 1553 328 1588 ex
370 1535 485 1600 hoc,
529 1535 576 1586 id
619 1533 966 1586 tantummodo
1006 1530 1220 1585 Paulum
1267 1531 1538 1602 scripsisse,
1594 1529 1666 1584 nit

165 1611 296 1664 aliud
340 1622 594 1682 praeterea
625 1607 655 1663 ⁶?
697 1611 928 1664 Profecto
970 1609 1053 1678 qui
1115 1608 1356 1663 eiusmodi
1402 1607 1666 1661 ratiocinia

164 1699 506 1759 proponeret,
548 1699 632 1740 aut
671 1687 795 1739 nihil
854 1687 1155 1753 evinceret3
1195 1696 1279 1738 aut
1336 1685 1374 1738 si
1435 1683 1621 1754 aliquid
1646 1721 1666 1752 ‚

164 1765 416 1818 evinceret
455 1764 626 1833 etiam,
668 1764 802 1834 quod
843 1780 957 1816 cum
998 1763 1108 1832 quis
1147 1763 1207 1815 de
1249 1761 1416 1832 aliquo
1457 1761 1668 1815 alicuius

165 1838 399 1893 haeretici
439 1841 621 1910 scripto
663 1858 820 1892 unum
861 1839 939 1892 vel
983 1839 1116 1892 aliud
1160 1839 1500 1891 testimonium
1525 1839 1678 1908 citat,

168 1916 287 1968 ittud
330 1916 620 1970 tantumodo
681 1918 742 1969 ab
784 1916 989 1970 homine
1030 1915 1281 1970 haeretico
1324 1916 1470 1970 fuisse
1510 1913 1668 1971 literis

168 2003 444 2045 exaratum.
488 1994 628 2058 Quae
667 1994 776 2063 quis
830 1990 1103 2047 admittit?
1133 2032 1148 2041 -

250 2070 327 2121 Ex
368 2067 445 2122 his
485 2087 604 2122 vero
645 2081 779 2140 patet
816 2070 994 2123 solutio
1060 2081 1340 2124 ceterarum
1392 2068 1671 2122 difficulta-

178 2154 301 2197 tum.
346 2145 625 2215 Siquidem,
666 2147 703 2198 si
744 2147 959 2199 Ioannes
998 2147 1085 2200 lv.
1130 2163 1231 2199 non
1273 2146 1443 2199 omnia
1491 2163 1672 2198 recen-

172 2222 267 2273 suit
305 2238 430 2290 quae
471 2222 679 2291 Sergius
718 2222 778 2274 ad
818 2223 1102 2278 Honorium
1142 2224 1356 2294 scripsit,
1410 2221 1546 2275 nulia
1586 2240 1674 2275 ra-

175 2297 243 2367 tio
283 2308 353 2350 est
395 2315 549 2367 quare
600 2300 770 2367 negari
814 2301 963 2370 possit
1002 2312 1164 2354 cetera
1207 2316 1235 2352 a
1285 2299 1463 2369 Sergio
1492 2299 1690 2371 scripta·

173 2372 339 2439 fuisse,
380 2391 507 2443 quae
548 2386 808 2429 versantur
846 2377 977 2430 circa
1020 2377 1335 2448 operationes
1365 2413 1382 2444 ,
1432 2376 1628 2448 Cyrum
1653 2412 1671 2444 ‚

182 2449 302 2502 'duas
335 2461 533 2502 naturas
572 2461 668 2503 ete.

248 2527 478 2579 Attamen
542 2524 727 2579 directe
786 2530 1083 2599 respondeo.
1155 2530 1387 2600 Sergium
1440 2529 1673 2584 Honorio

180 2601 424 2670 aperuisse
462 2603 762 2672 quaestionis
826 2612 1009 2658 statum
1050 2623 1112 2659 ex
1149 2624 1210 2660 eo
1258 2607 1452 2669 deduco
1481 2644 1498 2672 ,
1539 2605 1675 2677 quod

178 2678 238 2728 ad
278 2676 564 2731 Romanum
604 2679 900 2734 Pontificem
940 2683 1197 2747 scriberet,
1237 2686 1321 2753 qui
1363 2684 1546 2737 certior
1597 2683 1677 2735 fa-

178 2752 378 2806 ciendus
429 2765 533 2809 erat
572 2755 633 2810 de
674 2757 857 2812 dissidii
915 2759 1044 2812 iilius
1074 2759 1336 2816 occasione
1365 2770 1414 2815 et
1454 2760 1672 2831 origine,
