1780 3038
722 158 797 167 ...
838 127 902 180 51
948 155 1024 165 „-

115 211 214 256 tur:
246 203 412 258 verius
457 203 692 274 Sergium
719 203 967 275 scripsisse
1002 209 1307 275 porrectam
1333 220 1434 276 pro
1475 221 1629 257 com-

115 277 491 354 monefactum.
1284 292 1287 297 ·
1617 304 1629 313 ··

154 352 252 410 ἸΕι
298 354 370 409 1⁰.
420 356 623 426 quidem
664 375 727 410 ex
775 354 1116 427 suppositione
1169 354 1436 408 doctissimi
1501 355 1631 425 Epi-

112 432 274 504 scopi,
324 433 408 503 qui
454 432 564 487 ideo
596 434 703 486 vult
751 451 779 486 a
835 430 1180 487 Monothelitis
1232 433 1476 484 intrusum
1502 433 1629 484 suis-

113 526 166 562 se
207 510 419 562 verbum
457 519 789 582 porrectum,
818 522 872 562 ut
899 511 1050 563 etiam
1097 508 1310 579 vigilius
1350 518 1404 561 ut
1442 508 1633 562 Mono-

118 584 290 639 thelita
332 587 675 640 traduceretur
705 624 721 655 ‚
783 598 831 640 et
882 588 1305 643 condemnaretur
1344 582 1436 659 (1).
1497 586 1631 639 Hinc

113 678 229 715 cum
251 663 456 733 Sergius
495 663 642 716 suerit
665 664 865 735 putidus
904 661 1264 728 Monothelita,
1310 674 1457 733 atque
1479 663 1631 715 etiam

116 737 290 809 Vigilii
316 740 521 794 nomine
551 741 702 795 vellet
731 740 923 794 haeresi
971 757 1089 793 suae
1118 740 1465 793 auctoritatem
1493 756 1624 792 con-

115 816 287 870 ciliare
312 854 328 884 ,
370 817 564 870 facilius
606 818 1012 888 probabiliusque
1072 817 1267 887 scripsit
1329 823 1632 889 porrectum

114 909 266 963 quam
308 891 802 969 commonefactum3
825 912 939 948 cum
980 893 1019 947 si
1070 892 1154 946 ille
1193 893 1411 946 Mennae
1452 892 1631 947 Sermo

117 986 293 1041 reapse
335 988 361 1023 a
384 970 570 1040 Vigilio
601 978 829 1043 receptus
859 972 973 1037 fuit,
1030 970 1188 1024 videri
1213 975 1378 1040 posset
1401 970 1633 1039 probasse
1702 967 1706 972 ’

112 1047 260 1101 unius
301 1046 573 1102 voluntatis
590 1055 642 1102 et
667 1048 973 1119 operationis
997 1047 1440 1111 vocabulum‚non
1463 1053 1633 1100 autem

121 1122 161 1176 si
209 1123 274 1176 de
330 1142 392 1178 eo
447 1125 616 1178 suisset
661 1124 979 1179 solummodo
1027 1123 1477 1177 commonefactus.
1521 1123 1635 1176 Hoc

120 1199 258 1253 enim
291 1201 340 1254 in
371 1218 486 1255 casu
517 1218 739 1255 assensus
769 1201 939 1272 Vigilii
971 1201 1022 1253 in
1064 1199 1315 1254 haeresim
1357 1199 1637 1254 nullimode

116 1277 442 1348 probabatur.
468 1278 633 1342 Quam
659 1296 821 1332 meam
852 1277 1257 1332 observationem
1298 1276 1438 1330 nullo
1480 1277 1632 1331 modo

116 1371 351 1425 respuere
409 1355 600 1409 Remus
641 1356 920 1428 Ep1sc0pus
978 1360 1163 1425 potest,
1206 1371 1321 1407 cum
1364 1370 1482 1425 pag.
1527 1354 1627 1406 73..

119 1431 421 1502 suspicetur,
465 1432 527 1485 ab
577 1433 682 1504 ipso
712 1434 891 1503 Sergio
933 1432 1152 1485 Mennae
1186 1447 1475 1485 sermonem
1506 1430 1630 1484 suis-

115 1523 168 1561 se
207 1509 569 1659 sugzgpsitum3
617 1511 752 1582 quod
794 1526 887 1564 nec
924 1525 1023 1579 ego
1064 1526 1091 1562 a
1135 1509 1350 1563 veritate
1409 1506 1632 1562 alienum

122 1590 245 1656 puto
311 1590 322 1612 ’·
365 1623 380 1637 .

173 1734 232 1791 (1)
262 1735 294 1781 Α
327 1735 480 1793 ologiae
510 1735 607 1796 Cap.
633 1735 726 1782 Xll.
759 1750 854 1796 pag.
887 1735 993 1782 195.
1024 1735 1138 1781 Edit.
1176 1736 1245 1781 cit.

158 1793 234 1851 ,(2)
308 1811 359 1839 on
391 1796 481 1840 levis
493 1807 615 1853 porro
628 1798 797 1853 suspicio
821 1804 890 1844 est.
924 1796 1064 1853 inquit,
1100 1795 1276 1838 consulto
1307 1795 1357 1839 ab
1375 1795 1635 1851 inquisitione

116 1853 352 1905 abstentum,
385 1869 434 1898 ne
462 1854 618 1898 sceleris
648 1854 761 1899 huius
792 1854 1024 1899 architectus
1045 1854 1298 1912 proderetur,
1340 1854 1410 1910 qui
1423 1869 1502 1897 non
1527 1855 1634 1899 alius

115 1927 212 1957 sane
235 1947 246 1966 ,
280 1925 399 1971 quam
430 1912 600 1973 Sergius
622 1913 801 1970 Optanus
833 1913 1059 1972 Episcopus
1089 1913 1212 1973 faisse
1241 1913 1395 1957 videtur
1426 1912 1635 1957 Monotlte-

120 1970 283 2016 litatum
312 1972 494 2032 siqnifer.
528 1971 605 2017 ltle
626 1972 726 2016 enim
756 1974 908 2030 primas
940 1973 1083 2016 libram
1116 1971 1213 2015 har-c
1232 1970 1403 2016 Mennae
1422 1987 1636 2015 memora..

117 2030 172 2074 vit
203 2047 361 2089 eumque
390 2047 540 2087 semper
571 2032 612 2075 in
642 2047 709 2075 ore
739 2033 920 2091 serebat,
955 2040 1075 2089 atque
1107 2030 1178 2074 hac
1211 2031 1308 2074 illuc
1337 2031 1627 2082 missiculabat,

116 2087 226 2134 Nam
256 2098 293 2134 et
323 2090 377 2134 ad
393 2089 635 2134 Theodorum
662 2090 989 2135 Pharanitanum
1020 2097 1057 2134 et
1088 2090 1144 2134 ad
1176 2088 1351 2134 Paulam
1382 2090 1633 2134 monoculum

117 2147 232 2192 illam
261 2150 385 2201 misit,·
416 2157 460 2193 ut
488 2157 646 2194 sanctas
677 2149 881 2196 Maximus
912 2151 952 2194 in
984 2150 1250 2207 disputatione
1281 2164 1366 2191 cum
1387 2147 1535 2191 Pirrlio
1568 2157 1634 2193 te·-

118 2207 329 2265 stificatar;
365 2216 402 2252 et
433 2208 538 2268 Cyro
572 2208 745 2254 eumdem
759 2208 945 2259 tradidit,
982 2216 1016 2253 et
1049 2209 1089 2252 in
1120 2207 1290 2266 epistola
1321 2207 1375 2250 ad
1406 2205 1630 2251 Ilonoriam

116 2265 247 2322 ipsam
281 2267 474 2312 laudavit.
509 2267 697 2328 Profecto
729 2269 822 2326 quin
859 2277 885 2312 a
915 2267 1184 2312 monothelitis
1217 2267 1316 2311 liber
1347 2265 1416 2309 ille
1441 2266 1634 2324 confictus

120 2325 243 2384 faerit
271 2340 381 2370 nemo
412 2327 613 2385 negaverit
632 2361 643 2377 ,
677 2342 761 2371 cum
793 2326 847 2371 ad
878 2339 1011 2371 eoram
1063 2326 1254 2370 haeresim
1293 2325 1478 2368 tuendam
1509 2325 1633 2384 fuerit

122 2381 358 2442 fabricatus.
391 2383 515 2442 Atqui
545 2401 594 2429 ea·
621 2385 886 2430 monothelitis
918 2385 1089 2446 Serqius
1117 2384 1267 2443 primus
1298 2384 1416 2427 illum
1445 2383 1631 2437 protulit,

122 2443 191 2498 qui
222 2453 259 2486 et
291 2442 462 2488 haeresis
492 2444 604 2488 itlius
633 2445 754 2489 veluti
778 2444 882 2488 alter
901 2460 1046 2504 parens
1076 2460 1161 2488 cum
1193 2442 1394 2488 Theodoro
1423 2441 1636 2486 Pharani-

121 2509 215 2545 lano
248 2502 392 2547 extitit:
427 2503 551 2561 ἱρέων
581 2518 662 2547 non
692 2505 742 2548 ab
775 2503 874 2554 alio,
908 2519 1026 2562 quam
1059 2518 1083 2547 a
1110 2504 1257 2560 Serqio
1289 2502 1480 2561 confictus
1510 2502 1634 2559 [uisse

121 2559 288 2604 videtur.
317 2560 379 2607 Et
409 2560 478 2605 hoc
507 2564 548 2606 in
577 2577 699 2607 causa
730 2563 823 2623 suit,
858 2578 926 2607 cur
958 2561 1117 2614 Graeci,
1150 2562 1288 2619 illique
1314 2560 1543 2619 praecipue,
1567 2575 1636 2618 qut

123 2617 328 2664 Ecclesiae
360 2619 540 2678 Cptanae
567 2622 730 2666 subiecti
760 2629 889 2673 erant,
919 2621 1308 2679 praetermittendam
1339 2618 1558 2663 curaverint
1589 2621 1636 2664 de

125 2676 217 2722 libri
248 2677 360 2723 huius
389 2681 655 2737 suppositione
685 2680 973 2738 inquisitionem
999 2699 1008 2733 ;
1042 2694 1089 2723 ne
1119 2694 1219 2724 nova
1253 2679 1401 2722 scilicet
1441 2678 1634 2736 infamiae

122 2743 218 2781 nota
249 2738 395 2796 Seryio
429 2739 667 2785 inureretur.
704 2740 957 2799 Suspiciones
987 2753 1082 2785 sane
1114 2739 1382 2798 gravissimae,
1408 2751 1509 2796 quae
1552 2739 1633 2783 scre

124 2808 207 2840 rem
238 2796 519 2843 demonstrant.
