1780 3038
97 263 317 320 retinere
339 261 595 330 volebant,
618 275 672 315 ut
694 274 827 335 patet
849 281 911 317 ex
935 261 1157 336 Epistola
1179 261 1491 317 Constantini
1516 265 1621 319 Po-

95 341 279 424 gonati
311 340 372 393 ad
417 341 640 394 Donum.
684 337 911 394 Multam
951 335 1278 394 instantiam
1315 336 1617 421 secer-unt..

93 425 153 473 ut
188 414 461 471 eiiceretm·
529 413 822 471 Vitalianus
860 412 1190 471 beatissimus
1239 413 1303 470 de
1348 411 1568 498 diptycis
1598 455 1618 484 ,

92 500 371 548 asserentes
412 489 716 546 Honoriam
777 490 1070 546 memorari
1109 490 1164 546 in
1201 488 1427 566 diptycis
1482 512 1619 566 pro-

85 579 207 644 pter
254 570 506 627 honorem
548 566 864 642 apostolicae
929 565 1063 622 sedis
1102 567 1355 639 antiquae
1403 576 1616 624 nostrae

91 643 293 701 Romae
331 641 422 718 (1).
455 647 519 697 At
572 643 777 698 nomina
805 645 1155 716 episcoporum
1196 646 1574 698 recitabantur'
1563 665 1616 701 tn

91 721 342 794 diptychis
379 739 476 791 qua
516 722 733 793 episcopi
774 732 938 787 erant,
969 739 1069 775 non
1091 739 1189 792 qua
1231 722 1453 792 privatae
1494 740 1616 793 per·-

87 815 258 852 sonae.
303 798 431 851 Cum
475 799 640 869 itaque
662 798 877 852 Honorii
921 815 1131 864 nomen,
1164 798 1275 851 ideo
1321 798 1520 868 publice
1561 800 1614 853 in

90 874 313 937 Ecclesia
364 874 638 946 legerent,
681 875 813 945 quod
870 891 987 928 eum
1050 873 1498 928 Monothelismum
1560 875 1612 930 in

87 952 188 1006 suis
226 951 448 1022 epistolis
489 953 856 1005 arbitrarentur
896 951 1165 1017 docuisse3
1207 967 1269 1005 ex
1308 949 1406 1005 hoc
1458 951 1612 1007 etiam

89 1028 393 1083 concludere
433 1024 694 1099 possumus
743 1034 940 1099 putasse
993 1045 1079 1082 eos
1118 1029 1326 1098 scriptas
1367 1028 1476 1080 illas
1514 1045 1611 1081 au-

89 1106 317 1160 ctoritate
339 1105 595 1176 pontificia
625 1104 851 1159 suisse.Si
881 1104 1019 1158 enim
1047 1114 1100 1156 ut
1124 1123 1149 1157 a
1174 1103 1367 1176 privata
1397 1122 1609 1176 persona

92 1193 322 1236 exaratas
359 1181 765 1247 existimassent,
810 1181 909 1233 iam
952 1190 1004 1234 et
1065 1179 1197 1234 illius
1237 1198 1422 1235 nomen
1468 1199 1496 1235 e
1534 1198 1611 1235 sa-

88 1260 209 1313 cris
203 1258 439 1330 diptycis
478 1259 795 1323 abrasissent,
838 1274 960 1310 cum
1002 1274 1102 1328 qua
1150 1257 1414 1330 episcopus
1453 1268 1560 1312 erat
1589 1294 1607 1328 ,

88 1353 193 1390 non
223 1336 404 1388 suisset
444 1333 802 1389 Monothelita.

163 1410 445 1466 Catholicos
484 1428 605 1468 vero
640 1407 1358 1467 Monothelitarumiudicium
1412 1411 1606 1466 confir*

87 1506 228 1545 mare
268 1497 419 1560 patet.

244 1566 297 1619 1.
336 1567 416 1618 Ex
454 1564 603 1619 citato
644 1564 697 1618 S.
772 1563 984 1617 Maximi
1048 1563 1357 1632 testimoniO,
1402 1564 1450 1620 in
1503 1582 1604 1636 quo

88 1659 408 1713 nequaquam
439 1651 589 1712 negat
616 1641 872 1695 decretum
903 1641 1022 1694 illud
1052 1641 1208 1694 latum
1237 1659 1264 1694 a
1305 1641 1432 1694 Sede
1459 1644 1604 1713 Apo-

86 1719 261 1775 stolica
299 1718 467 1785 fuisse,
506 1718 593 1772 sed
635 1718 985 1787 tantummodo
1027 1717 1386 1772 Monothelitas
1425 1735 1604 1791 reprc-

88 1796 264 1852 hendit
302 1795 435 1866 quod
477 1794 596 1848 salsa
639 1795 831 1848 ratione
874 1794 995 1848 illud
1043 1804 1370 1866 exponerent.

239 1870 320 1925 29,
357 1872 435 1924 Ex
470 1872 522 1925 S.
552 1870 821 1942 Agathone
850 1870 900 1924 in
927 1871 1133 1942 epistola
1157 1871 1218 1924 ad
1245 1871 1600 1943 Imperatores,

90 1950 141 2004 in
162 1966 260 2021 qua
289 1949 349 2003 de
376 1948 607 2002 Honorio
648 1947 868 2019 loquitur
907 1958 960 2001 ut
986 1948 1047 2001 de
1088 1947 1195 2013 illo,
1225 1949 1307 2018 qui
1331 1948 1600 2019 apostolica

88 2026 383 2081 auctoritate
423 2025 666 2079 obstiterit
724 2025 946 2095 dogmati
1007 2022 1408 2079 Monothelitico.
1456 2023 1600 2081 Unde

87 2111 136 2159 et
172 2098 496 2186 Apostolicae
535 2098 822 2156 memoriae
863 2119 1005 2155 meae
1040 2098 1325 2185 parvitatis
1372 2098 1600 2175 praede-

90 2198 309 2236 cessores
345 2175 626 2234 dominicis
665 2175 909 2232 instructi
944 2174 1240 2234 doctrinis..
1227 2216 1264 2231 ..
1307 2197 1599 2248 numquam

89 2259 428 2329 neqleaeerunt
466 2274 549 2310 eos
587 2252 925 2310 hortari..
970 2263 1028 2308 ut
1067 2274 1100 2309 a
1179 2250 1300 2308 ravi
1336 2251 1597 2327 doqmatis

90 2330 352 2389 haeretico
390 2351 573 2387 errore
610 2335 792 2386 saltem
833 2327 1049 2386 tacendo
1106 2275 1422 2386 ssi-stenem.
1467 2331 1597 2386 Cum

91 2422 260 2464 autem
298 2409 380 2463 alii
426 2408 696 2463 Pontifices
735 2409 1030 2463 auctoritate
1096 2407 1365 2479 apostolica
1406 2406 1596 2462 Mono-

93 2486 381 2540 tllelismum
406 2477 814 2557 impugnaverint
838 2485 886 2537 in
908 2485 1008 2539 suis
1035 2485 1276 2558 epistolis;
1299 2500 1420 2554 ergo
1441 2485 1594 2540 etiam

92 2563 351 2618 Honorius
387 2562 645 2618 silentium
684 2560 1032 2618 Monothelitis
1097 2562 1275 2616 indixit
1313 2577 1413 2633 qua
1451 2561 1593 2618 Pon-

3 2668 5 2670 ·
94 2641 213 2696 tisex
251 2649 377 2696 erat.

153 2784 213 2844 (¹)
238 2788 334 2837 Lab.
366 2790 478 2838 Tom.
513 2787 753 2839 v1.c0n011.
788 2789 873 2837 cot.
909 2790 1007 2836 598.
