<?xml version="1.0" encoding="UTF-8"?>
<!DOCTYPE html PUBLIC "-//W3C//DTD XHTML 1.0 Transitional//EN"
    "http://www.w3.org/TR/xhtml1/DTD/xhtml1-transitional.dtd">
<html xmlns="http://www.w3.org/1999/xhtml" xml:lang="en" lang="en">
 <head>
  <title>
</title>
<meta http-equiv="Content-Type" content="text/html;charset=utf-8" />
  <meta name='ocr-system' content='tesseract 3.04.00' />
  <meta name='ocr-capabilities' content='ocr_page ocr_carea ocr_par ocr_line ocrx_word'/>
</head>
<body>
  <div class='ocr_page' id='page_1' title='image "a603242300pennuoft_0178.png"; bbox 0 0 1780 3038; ppageno 0'>
   <div class='ocr_carea' id='block_1_1' title="bbox 153 109 1676 2705">
    <p class='ocr_par' dir='ltr' id='par_1_1' title="bbox 752 109 1090 164">
     <span class='ocr_line' id='line_1_1' title="bbox 752 109 1090 164; baseline 0 0"><span class='ocrx_word' id='word_1_1' title='bbox 752 141 828 151; x_wconf 94' lang='lat'>———</span> <span class='ocrx_word' id='word_1_2' title='bbox 870 109 976 164; x_wconf 70' lang='lat'>174</span> <span class='ocrx_word' id='word_1_3' title='bbox 1014 140 1090 152; x_wconf 87' lang='lat'>—-</span> 
     </span>
    </p>

    <p class='ocr_par' dir='ltr' id='par_1_2' title="bbox 164 183 1672 700">
     <span class='ocr_line' id='line_1_2' title="bbox 168 183 1669 262; baseline -0.005 -16"><span class='ocrx_word' id='word_1_4' title='bbox 168 206 319 262; x_wconf 78' lang='lat' dir='ltr'>super</span> <span class='ocrx_word' id='word_1_5' title='bbox 358 187 602 259; x_wconf 72' lang='lat' dir='ltr'>originale</span> <span class='ocrx_word' id='word_1_6' title='bbox 640 206 667 243; x_wconf 90' lang='lat' dir='ltr'>a</span> <span class='ocrx_word' id='word_1_7' title='bbox 695 188 892 240; x_wconf 80' lang='lat' dir='ltr'>Chr-isto</span> <span class='ocrx_word' id='word_1_8' title='bbox 951 185 1168 256; x_wconf 77' lang='lat' dir='ltr'>excludit</span> <span class='ocrx_word' id='word_1_9' title='bbox 1207 194 1399 240; x_wconf 74' lang='lat' dir='ltr'>contra</span> <span class='ocrx_word' id='word_1_10' title='bbox 1420 183 1669 254; x_wconf 76' lang='lat' dir='ltr'>haeresim</span> 
     </span>
     <span class='ocr_line' id='line_1_3' title="bbox 164 249 1672 337; baseline 0 -21"><span class='ocrx_word' id='word_1_11' title='bbox 164 285 301 337; x_wconf 75' lang='lat' dir='ltr'>quae</span> <span class='ocrx_word' id='word_1_12' title='bbox 339 274 457 319; x_wconf 84' lang='lat' dir='ltr'>tunc</span> <span class='ocrx_word' id='word_1_13' title='bbox 496 276 669 318; x_wconf 78' lang='lat' dir='ltr'>exorta</span> <span class='ocrx_word' id='word_1_14' title='bbox 710 265 889 331; x_wconf 74' lang='lat' dir='ltr'>suet-:113</span> <span class='ocrx_word' id='word_1_15' title='bbox 928 280 1024 334; x_wconf 89' lang='lat' dir='ltr'>qua</span> <span class='ocrx_word' id='word_1_16' title='bbox 1054 263 1116 316; x_wconf 93' lang='lat' dir='ltr'>de</span> <span class='ocrx_word' id='word_1_17' title='bbox 1155 279 1300 316; x_wconf 87' lang='lat' dir='ltr'>causa</span> <span class='ocrx_word' id='word_1_18' title='bbox 1324 280 1439 316; x_wconf 90' lang='lat' dir='ltr'>cum</span> <span class='ocrx_word' id='word_1_19' title='bbox 1467 249 1672 333; x_wconf 75' lang='lat' dir='ltr'>Sergius</span> 
     </span>
     <span class='ocr_line' id='line_1_4' title="bbox 172 339 1671 412; baseline -0.003 -16"><span class='ocrx_word' id='word_1_20' title='bbox 172 344 439 396; x_wconf 79' lang='lat' dir='ltr'>decretum</span> <span class='ocrx_word' id='word_1_21' title='bbox 466 340 822 412; x_wconf 75' lang='lat' dir='ltr'>expostularet.</span> <span class='ocrx_word' id='word_1_22' title='bbox 862 345 914 392; x_wconf 77' lang='lat' dir='ltr'>et</span> <span class='ocrx_word' id='word_1_23' title='bbox 954 339 1208 392; x_wconf 81' lang='lat' dir='ltr'>Honorius</span> <span class='ocrx_word' id='word_1_24' title='bbox 1247 358 1373 409; x_wconf 88' lang='lat' dir='ltr'>quae</span> <span class='ocrx_word' id='word_1_25' title='bbox 1401 357 1426 392; x_wconf 89' lang='lat' dir='ltr'>a</span> <span class='ocrx_word' id='word_1_26' title='bbox 1455 357 1507 392; x_wconf 88' lang='lat' dir='ltr'>sc</span> <span class='ocrx_word' id='word_1_27' title='bbox 1545 341 1671 392; x_wconf 80' lang='lat' dir='ltr'>scri-</span> 
     </span>
     <span class='ocr_line' id='line_1_5' title="bbox 170 416 1672 490; baseline -0.001 -19"><span class='ocrx_word' id='word_1_28' title='bbox 170 425 255 490; x_wconf 80' lang='lat' dir='ltr'>pta</span> <span class='ocrx_word' id='word_1_29' title='bbox 298 419 511 481; x_wconf 75' lang='lat' dir='ltr'>fuerant,</span> <span class='ocrx_word' id='word_1_30' title='bbox 555 417 761 470; x_wconf 88' lang='lat' dir='ltr'>omnino</span> <span class='ocrx_word' id='word_1_31' title='bbox 792 416 1000 468; x_wconf 88' lang='lat' dir='ltr'>tenenda</span> <span class='ocrx_word' id='word_1_32' title='bbox 1042 433 1145 468; x_wconf 87' lang='lat' dir='ltr'>esse</span> <span class='ocrx_word' id='word_1_33' title='bbox 1186 417 1422 481; x_wconf 77' lang='lat' dir='ltr'>affirmet,</span> <span class='ocrx_word' id='word_1_34' title='bbox 1451 427 1672 485; x_wconf 71' lang='lat' dir='ltr'>etprae-</span> 
     </span>
     <span class='ocr_line' id='line_1_6' title="bbox 170 489 1670 566; baseline -0.001 -20"><span class='ocrx_word' id='word_1_35' title='bbox 170 495 377 547; x_wconf 86' lang='lat' dir='ltr'>dicanda</span> <span class='ocrx_word' id='word_1_36' title='bbox 417 489 526 566; x_wconf 78' lang='lat' dir='ltr'>fide</span> <span class='ocrx_word' id='word_1_37' title='bbox 583 490 1053 561; x_wconf 69' lang='lat' dir='ltr'>orthodoxamque</span> <span class='ocrx_word' id='word_1_38' title='bbox 1111 490 1309 546; x_wconf 77' lang='lat' dir='ltr'>unitate</span> <span class='ocrx_word' id='word_1_39' title='bbox 1368 489 1670 558; x_wconf 69' lang='lat' dir='ltr'>catholica,</span> 
     </span>
     <span class='ocr_line' id='line_1_7' title="bbox 171 565 1672 640; baseline 0.001 -19"><span class='ocrx_word' id='word_1_40' title='bbox 171 571 377 622; x_wconf 89' lang='lat' dir='ltr'>omnino</span> <span class='ocrx_word' id='word_1_41' title='bbox 414 569 641 638; x_wconf 77' lang='lat' dir='ltr'>sequitui·</span> <span class='ocrx_word' id='word_1_42' title='bbox 675 570 780 622; x_wconf 88' lang='lat' dir='ltr'>eius</span> <span class='ocrx_word' id='word_1_43' title='bbox 807 565 1179 640; x_wconf 85' lang='lat' dir='ltr'>epistolaslatas</span> <span class='ocrx_word' id='word_1_44' title='bbox 1199 570 1490 622; x_wconf 81' lang='lat' dir='ltr'>auctoritate</span> <span class='ocrx_word' id='word_1_45' title='bbox 1528 570 1672 640; x_wconf 81' lang='lat' dir='ltr'>Apo-</span> 
     </span>
     <span class='ocr_line' id='line_1_8' title="bbox 164 643 541 700; baseline -0.008 0"><span class='ocrx_word' id='word_1_46' title='bbox 164 646 336 700; x_wconf 79' lang='lat' dir='ltr'>stoliea</span> <span class='ocrx_word' id='word_1_47' title='bbox 379 643 541 697; x_wconf 80' lang='lat' dir='ltr'>fuisse.</span> 
     </span>
    </p>

    <p class='ocr_par' dir='ltr' id='par_1_3' title="bbox 165 719 1673 927">
     <span class='ocr_line' id='line_1_9' title="bbox 318 719 1673 776; baseline -0.001 -2"><span class='ocrx_word' id='word_1_48' title='bbox 318 719 396 774; x_wconf 87' lang='lat'>6⁰.</span> <span class='ocrx_word' id='word_1_49' title='bbox 421 721 644 774; x_wconf 89' lang='lat' dir='ltr'>Demum</span> <span class='ocrx_word' id='word_1_50' title='bbox 663 738 831 776; x_wconf 90' lang='lat' dir='ltr'>nonne</span> <span class='ocrx_word' id='word_1_51' title='bbox 859 720 1203 774; x_wconf 81' lang='lat' dir='ltr'>auctoritatem</span> <span class='ocrx_word' id='word_1_52' title='bbox 1223 720 1540 775; x_wconf 68' lang='lat' dir='ltr'>Pontii‘ciam</span> <span class='ocrx_word' id='word_1_53' title='bbox 1560 720 1673 774; x_wconf 79' lang='lat' dir='ltr'>cxi-</span> 
     </span>
     <span class='ocr_line' id='line_1_10' title="bbox 165 797 1673 868; baseline 0 -17"><span class='ocrx_word' id='word_1_54' title='bbox 165 797 312 868; x_wconf 81' lang='lat' dir='ltr'>gebat</span> <span class='ocrx_word' id='word_1_55' title='bbox 348 797 604 850; x_wconf 89' lang='lat' dir='ltr'>silentium</span> <span class='ocrx_word' id='word_1_56' title='bbox 648 799 768 851; x_wconf 91' lang='lat' dir='ltr'>illud</span> <span class='ocrx_word' id='word_1_57' title='bbox 809 799 1076 851; x_wconf 76' lang='lat' dir='ltr'>universae</span> <span class='ocrx_word' id='word_1_58' title='bbox 1115 797 1218 851; x_wconf 76' lang='lat' dir='ltr'>sere</span> <span class='ocrx_word' id='word_1_59' title='bbox 1267 797 1512 852; x_wconf 76' lang='lat' dir='ltr'>Orientali</span> <span class='ocrx_word' id='word_1_60' title='bbox 1565 797 1673 851; x_wconf 86' lang='lat' dir='ltr'>Ec-</span> 
     </span>
     <span class='ocr_line' id='line_1_11' title="bbox 165 870 764 927; baseline 0 0"><span class='ocrx_word' id='word_1_61' title='bbox 165 875 342 927; x_wconf 84' lang='lat' dir='ltr'>clesiae</span> <span class='ocrx_word' id='word_1_62' title='bbox 383 871 701 927; x_wconf 88' lang='lat' dir='ltr'>indicendum</span> <span class='ocrx_word' id='word_1_63' title='bbox 734 870 764 927; x_wconf 75' lang='lat'>‘2</span> 
     </span>
    </p>

    <p class='ocr_par' dir='ltr' id='par_1_4' title="bbox 155 946 1673 1234">
     <span class='ocr_line' id='line_1_12' title="bbox 239 946 1672 1024; baseline 0 -21"><span class='ocrx_word' id='word_1_64' title='bbox 239 953 402 1020; x_wconf 82' lang='lat' dir='ltr'>Atque</span> <span class='ocrx_word' id='word_1_65' title='bbox 442 948 559 1003; x_wconf 90' lang='lat' dir='ltr'>hinc</span> <span class='ocrx_word' id='word_1_66' title='bbox 600 950 782 1004; x_wconf 85' lang='lat' dir='ltr'>factum</span> <span class='ocrx_word' id='word_1_67' title='bbox 824 950 1052 1005; x_wconf 84' lang='lat' dir='ltr'>videmus</span> <span class='ocrx_word' id='word_1_68' title='bbox 1092 948 1180 1024; x_wconf 82' lang='lat' dir='ltr'>(et</span> <span class='ocrx_word' id='word_1_69' title='bbox 1219 946 1316 1002; x_wconf 93' lang='lat' dir='ltr'>hoc</span> <span class='ocrx_word' id='word_1_70' title='bbox 1356 955 1430 1003; x_wconf 81' lang='lat' dir='ltr'>est</span> <span class='ocrx_word' id='word_1_71' title='bbox 1471 948 1672 1004; x_wconf 79' lang='lat' dir='ltr'>tertium</span> 
     </span>
     <span class='ocr_line' id='line_1_13' title="bbox 163 1015 1672 1099; baseline -0.001 -20"><span class='ocrx_word' id='word_1_72' title='bbox 163 1036 575 1095; x_wconf 75' lang='lat' dir='ltr'>argumentorum</span> <span class='ocrx_word' id='word_1_73' title='bbox 617 1024 811 1099; x_wconf 78' lang='lat' dir='ltr'>genus)</span> <span class='ocrx_word' id='word_1_74' title='bbox 852 1039 907 1080; x_wconf 87' lang='lat' dir='ltr'>ut</span> <span class='ocrx_word' id='word_1_75' title='bbox 947 1038 1049 1081; x_wconf 75' lang='lat' dir='ltr'>tam</span> <span class='ocrx_word' id='word_1_76' title='bbox 1091 1015 1477 1094; x_wconf 85' lang='lat' dir='ltr'>Monothelitae‚</span> <span class='ocrx_word' id='word_1_77' title='bbox 1519 1043 1672 1096; x_wconf 87' lang='lat' dir='ltr'>quam</span> 
     </span>
     <span class='ocr_line' id='line_1_14' title="bbox 162 1102 1673 1175; baseline 0 -20"><span class='ocrx_word' id='word_1_78' title='bbox 162 1102 395 1156; x_wconf 76' lang='lat' dir='ltr'>catholici</span> <span class='ocrx_word' id='word_1_79' title='bbox 437 1102 651 1157; x_wconf 77' lang='lat' dir='ltr'>Honorii</span> <span class='ocrx_word' id='word_1_80' title='bbox 692 1102 924 1175; x_wconf 81' lang='lat' dir='ltr'>epistolas</span> <span class='ocrx_word' id='word_1_81' title='bbox 950 1105 1020 1157; x_wconf 91' lang='lat' dir='ltr'>uti</span> <span class='ocrx_word' id='word_1_82' title='bbox 1062 1104 1126 1157; x_wconf 87' lang='lat' dir='ltr'>ab</span> <span class='ocrx_word' id='word_1_83' title='bbox 1166 1102 1418 1157; x_wconf 82' lang='lat' dir='ltr'>Ecclesiae</span> <span class='ocrx_word' id='word_1_84' title='bbox 1457 1103 1673 1175; x_wconf 80' lang='lat' dir='ltr'>primate</span> 
     </span>
     <span class='ocr_line' id='line_1_15' title="bbox 155 1179 627 1234; baseline -0.002 -2"><span class='ocrx_word' id='word_1_85' title='bbox 155 1179 287 1232; x_wconf 66' lang='lat' dir='ltr'>⁴latas</span> <span class='ocrx_word' id='word_1_86' title='bbox 326 1179 627 1234; x_wconf 79' lang='lat' dir='ltr'>censuerint.</span> 
     </span>
    </p>

    <p class='ocr_par' dir='ltr' id='par_1_5' title="bbox 153 1254 1676 1944">
     <span class='ocr_line' id='line_1_16' title="bbox 239 1254 1673 1320; baseline 0 -12"><span class='ocrx_word' id='word_1_87' title='bbox 239 1256 414 1320; x_wconf 89' lang='lat' dir='ltr'>Quoad</span> <span class='ocrx_word' id='word_1_88' title='bbox 456 1255 815 1310; x_wconf 83' lang='lat' dir='ltr'>Monet-helitas</span> <span class='ocrx_word' id='word_1_89' title='bbox 854 1274 932 1310; x_wconf 80' lang='lat' dir='ltr'>res</span> <span class='ocrx_word' id='word_1_90' title='bbox 953 1267 1023 1312; x_wconf 87' lang='lat' dir='ltr'>est</span> <span class='ocrx_word' id='word_1_91' title='bbox 1052 1255 1324 1311; x_wconf 78' lang='lat' dir='ltr'>certissima</span> <span class='ocrx_word' id='word_1_92' title='bbox 1374 1272 1435 1310; x_wconf 88' lang='lat' dir='ltr'>ex</span> <span class='ocrx_word' id='word_1_93' title='bbox 1470 1254 1524 1308; x_wconf 91' lang='lat' dir='ltr'>S.</span> <span class='ocrx_word' id='word_1_94' title='bbox 1555 1254 1673 1308; x_wconf 90' lang='grc' dir='ltr'>Μ3-</span> 
     </span>
     <span class='ocr_line' id='line_1_17' title="bbox 162 1331 1671 1395; baseline 0.001 -11"><span class='ocrx_word' id='word_1_95' title='bbox 162 1332 300 1385; x_wconf 85' lang='lat' dir='ltr'>ximo</span> <span class='ocrx_word' id='word_1_96' title='bbox 340 1331 620 1395; x_wconf 71' lang='lat' dir='ltr'>affirmante</span> <span class='ocrx_word' id='word_1_97' title='bbox 649 1335 826 1387; x_wconf 82' lang='lat' dir='ltr'>abusos</span> <span class='ocrx_word' id='word_1_98' title='bbox 851 1351 955 1388; x_wconf 84' lang='lat' dir='ltr'>esse</span> <span class='ocrx_word' id='word_1_99' title='bbox 997 1335 1106 1388; x_wconf 87' lang='lat' dir='ltr'>illos</span> <span class='ocrx_word' id='word_1_100' title='bbox 1134 1334 1428 1387; x_wconf 75' lang='lat' dir='ltr'>auctoritate</span> <span class='ocrx_word' id='word_1_101' title='bbox 1455 1332 1671 1386; x_wconf 77' lang='lat' dir='ltr'>Honorii</span> 
     </span>
     <span class='ocr_line' id='line_1_18' title="bbox 161 1409 1673 1479; baseline 0 -18"><span class='ocrx_word' id='word_1_102' title='bbox 161 1410 222 1462; x_wconf 91' lang='lat' dir='ltr'>ad</span> <span class='ocrx_word' id='word_1_103' title='bbox 266 1409 583 1462; x_wconf 88' lang='lat' dir='ltr'>indicendum</span> <span class='ocrx_word' id='word_1_104' title='bbox 608 1411 989 1464; x_wconf 88' lang='lat' dir='ltr'>oeconomicum</span> <span class='ocrx_word' id='word_1_105' title='bbox 1012 1411 1290 1478; x_wconf 83' lang='lat' dir='ltr'>silentium,</span> <span class='ocrx_word' id='word_1_106' title='bbox 1331 1411 1537 1479; x_wconf 88' lang='lat' dir='ltr'>eiusque</span> <span class='ocrx_word' id='word_1_107' title='bbox 1559 1409 1673 1479; x_wconf 60' lang='lat' dir='ltr'>epi-‘-</span> 
     </span>
     <span class='ocr_line' id='line_1_19' title="bbox 160 1481 1675 1558; baseline 0.001 -19"><span class='ocrx_word' id='word_1_108' title='bbox 160 1485 309 1539; x_wconf 86' lang='lat' dir='ltr'>stolas</span> <span class='ocrx_word' id='word_1_109' title='bbox 349 1502 548 1539; x_wconf 82' lang='lat' dir='ltr'>vocasse</span> <span class='ocrx_word' id='word_1_110' title='bbox 587 1484 849 1541; x_wconf 71' lang='lat' dir='ltr'>demetam</span> <span class='ocrx_word' id='word_1_111' title='bbox 877 1489 1005 1541; x_wconf 88' lang='lat' dir='ltr'>sedis</span> <span class='ocrx_word' id='word_1_112' title='bbox 1043 1486 1402 1558; x_wconf 87' lang='lat' dir='ltr'>Apostolicae·</span> <span class='ocrx_word' id='word_1_113' title='bbox 1442 1504 1535 1540; x_wconf 79' lang='lat' dir='ltr'>nce</span> <span class='ocrx_word' id='word_1_114' title='bbox 1572 1481 1675 1540; x_wconf 85' lang='lat' dir='ltr'>ad—</span> 
     </span>
     <span class='ocr_line' id='line_1_20' title="bbox 159 1559 1676 1636; baseline 0.001 -21"><span class='ocrx_word' id='word_1_115' title='bbox 159 1579 339 1615; x_wconf 77' lang='lat' dir='ltr'>versus</span> <span class='ocrx_word' id='word_1_116' title='bbox 376 1560 547 1635; x_wconf 74' lang='lat' dir='ltr'>ipsam</span> <span class='ocrx_word' id='word_1_117' title='bbox 591 1561 946 1636; x_wconf 75' lang='lat' dir='ltr'>Apostolecam</span> <span class='ocrx_word' id='word_1_118' title='bbox 995 1562 1180 1619; x_wconf 85' lang='lat' dir='ltr'>Sedem</span> <span class='ocrx_word' id='word_1_119' title='bbox 1223 1559 1446 1617; x_wconf 76' lang='lat' dir='ltr'>mentiri</span> <span class='ocrx_word' id='word_1_120' title='bbox 1484 1571 1676 1617; x_wconf 80' lang='lat' dir='ltr'>temere</span> 
     </span>
     <span class='ocr_line' id='line_1_21' title="bbox 153 1635 1673 1724; baseline 0.001 -34"><span class='ocrx_word' id='word_1_121' title='bbox 153 1635 399 1711; x_wconf 72' lang='grc' dir='ltr'><em>Ρὶᾳνιίαἰί</em></span> <span class='ocrx_word' id='word_1_122' title='bbox 436 1647 578 1703; x_wconf 69' lang='lat' dir='ltr'>..sunl</span> <span class='ocrx_word' id='word_1_123' title='bbox 620 1636 710 1693; x_wconf 80' lang='lat' dir='ltr'>sed</span> <span class='ocrx_word' id='word_1_124' title='bbox 747 1660 896 1711; x_wconf 72' lang='lat' dir='ltr'>quast</span> <span class='ocrx_word' id='word_1_125' title='bbox 949 1637 1091 1695; x_wconf 76' lang='lat' dir='ltr'>iltius</span> <span class='ocrx_word' id='word_1_126' title='bbox 1131 1636 1329 1724; x_wconf 43' lang='lat' dir='ltr'>effecti·</span> <span class='ocrx_word' id='word_1_127' title='bbox 1343 1635 1600 1711; x_wconf 77' lang='lat' dir='ltr'>consilii,</span> <span class='ocrx_word' id='word_1_128' title='bbox 1623 1645 1673 1692; x_wconf 77' lang='lat' dir='ltr'>et</span> 
     </span>
     <span class='ocr_line' id='line_1_22' title="bbox 157 1711 1674 1791; baseline 0.002 -26"><span class='ocrx_word' id='word_1_129' title='bbox 157 1712 317 1768; x_wconf 77' lang='lat' dir='ltr'>veluti</span> <span class='ocrx_word' id='word_1_130' title='bbox 354 1711 583 1785; x_wconf 77' lang='lat' dir='ltr'>quodam</span> <span class='ocrx_word' id='word_1_131' title='bbox 623 1712 687 1770; x_wconf 80' lang='lat' dir='ltr'>ab</span> <span class='ocrx_word' id='word_1_132' title='bbox 727 1735 788 1771; x_wconf 81' lang='lat' dir='ltr'>ea</span> <span class='ocrx_word' id='word_1_133' title='bbox 816 1725 1013 1791; x_wconf 80' lang='lat' dir='ltr'>recepto</span> <span class='ocrx_word' id='word_1_134' title='bbox 1051 1713 1278 1783; x_wconf 74' lang='lat' dir='ltr'>demctO,</span> <span class='ocrx_word' id='word_1_135' title='bbox 1309 1714 1365 1769; x_wconf 77' lang='lat' dir='ltr'>in</span> <span class='ocrx_word' id='word_1_136' title='bbox 1405 1718 1514 1769; x_wconf 74' lang='lat' dir='ltr'>suis</span> <span class='ocrx_word' id='word_1_137' title='bbox 1543 1733 1674 1768; x_wconf 83' lang='lat' dir='ltr'>eon·-</span> 
     </span>
     <span class='ocr_line' id='line_1_23' title="bbox 159 1788 1673 1865; baseline -0.001 -18"><span class='ocrx_word' id='word_1_138' title='bbox 159 1788 313 1847; x_wconf 66' lang='lat' dir='ltr'>textis</span> <span class='ocrx_word' id='word_1_139' title='bbox 329 1810 431 1863; x_wconf 85' lang='lat' dir='ltr'>pro</span> <span class='ocrx_word' id='word_1_140' title='bbox 452 1788 618 1865; x_wconf 75' lang='lat' dir='ltr'>i&#39;mpza</span> <span class='ocrx_word' id='word_1_141' title='bbox 646 1790 884 1847; x_wconf 63' lang='lat' dir='ltr'>Hecthese&#39;</span> <span class='ocrx_word' id='word_1_142' title='bbox 903 1790 1195 1849; x_wconf 81' lang='lat' dir='ltr'>actionibus</span> <span class='ocrx_word' id='word_1_143' title='bbox 1217 1811 1390 1848; x_wconf 79' lang='lat' dir='ltr'>secam</span> <span class='ocrx_word' id='word_1_144' title='bbox 1417 1807 1673 1864; x_wconf 73' lang='lat' dir='ltr'>wzaqnum</span> 
     </span>
     <span class='ocr_line' id='line_1_24' title="bbox 157 1865 950 1944; baseline 0.001 -23"><span class='ocrx_word' id='word_1_145' title='bbox 157 1865 460 1921; x_wconf 77' lang='lat' dir='ltr'>Honorzum</span> <span class='ocrx_word' id='word_1_146' title='bbox 513 1886 723 1941; x_wconf 81' lang='lat' dir='ltr'>acceper</span> <span class='ocrx_word' id='word_1_147' title='bbox 726 1877 818 1923; x_wconf 80' lang='lat' dir='ltr'>unt</span> <span class='ocrx_word' id='word_1_148' title='bbox 858 1866 950 1944; x_wconf 89' lang='lat' dir='ltr'>(l).</span> 
     </span>
    </p>

    <p class='ocr_par' dir='ltr' id='par_1_6' title="bbox 157 1941 1675 2547">
     <span class='ocr_line' id='line_1_25' title="bbox 312 1941 1671 2000; baseline 0.001 -5"><span class='ocrx_word' id='word_1_149' title='bbox 312 1941 389 1996; x_wconf 80' lang='lat'>2⁰.</span> <span class='ocrx_word' id='word_1_150' title='bbox 434 1944 574 1996; x_wconf 88' lang='lat' dir='ltr'>Patet</span> <span class='ocrx_word' id='word_1_151' title='bbox 613 1963 673 1997; x_wconf 85' lang='lat' dir='ltr'>ex</span> <span class='ocrx_word' id='word_1_152' title='bbox 713 1946 869 1999; x_wconf 87' lang='lat' dir='ltr'>Paulo</span> <span class='ocrx_word' id='word_1_153' title='bbox 918 1944 1247 2000; x_wconf 88' lang='lat' dir='ltr'>Monothelita</span> <span class='ocrx_word' id='word_1_154' title='bbox 1297 1945 1580 1998; x_wconf 77' lang='lat' dir='ltr'>affirmante</span> <span class='ocrx_word' id='word_1_155' title='bbox 1620 1943 1671 1997; x_wconf 88' lang='lat' dir='ltr'>in</span> 
     </span>
     <span class='ocr_line' id='line_1_26' title="bbox 158 2019 1673 2106; baseline 0.001 -34"><span class='ocrx_word' id='word_1_156' title='bbox 158 2019 366 2106; x_wconf 82' lang='lat' dir='ltr'>epistola</span> <span class='ocrx_word' id='word_1_157' title='bbox 407 2020 468 2072; x_wconf 89' lang='lat' dir='ltr'>ad</span> <span class='ocrx_word' id='word_1_158' title='bbox 527 2020 853 2074; x_wconf 77' lang='lat' dir='ltr'>Theodoium</span> <span class='ocrx_word' id='word_1_159' title='bbox 893 2023 1084 2094; x_wconf 84' lang='lat' dir='ltr'>Papam</span> <span class='ocrx_word' id='word_1_160' title='bbox 1126 2023 1359 2090; x_wconf 77' lang='lat' dir='ltr'>Sergium</span> <span class='ocrx_word' id='word_1_161' title='bbox 1399 2034 1448 2075; x_wconf 89' lang='lat' dir='ltr'>et</span> <span class='ocrx_word' id='word_1_162' title='bbox 1486 2022 1673 2074; x_wconf 92' lang='lat' dir='ltr'>Hono-</span> 
     </span>
     <span class='ocr_line' id='line_1_27' title="bbox 160 2094 1675 2170; baseline 0.003 -23"><span class='ocrx_word' id='word_1_163' title='bbox 160 2096 293 2148; x_wconf 80' lang='lat' dir='ltr'>rium</span> <span class='ocrx_word' id='word_1_164' title='bbox 335 2095 781 2151; x_wconf 84' lang='lat' dir='ltr'>Monothelismum</span> <span class='ocrx_word' id='word_1_165' title='bbox 821 2099 991 2151; x_wconf 88' lang='lat' dir='ltr'>docui</span> <span class='ocrx_word' id='word_1_166' title='bbox 972 2117 1044 2152; x_wconf 89' lang='lat' dir='ltr'>se</span> <span class='ocrx_word' id='word_1_167' title='bbox 1076 2094 1315 2170; x_wconf 71' lang='lat' dir='ltr'>«Quibus</span> <span class='ocrx_word' id='word_1_168' title='bbox 1343 2095 1675 2152; x_wconf 66' lang='lat' dir='ltr'>concoodaw-</span> 
     </span>
     <span class='ocr_line' id='line_1_28' title="bbox 158 2168 1670 2247; baseline 0.001 -22"><span class='ocrx_word' id='word_1_169' title='bbox 158 2180 231 2226; x_wconf 78' lang='lat' dir='ltr'>tes</span> <span class='ocrx_word' id='word_1_170' title='bbox 266 2168 399 2244; x_wconf 82' lang='lat' dir='ltr'>sacti</span> <span class='ocrx_word' id='word_1_171' title='bbox 434 2182 555 2227; x_wconf 78' lang='lat' dir='ltr'>sunl</span> <span class='ocrx_word' id='word_1_172' title='bbox 589 2193 710 2247; x_wconf 68' lang='lat' dir='ltr'>piae</span> <span class='ocrx_word' id='word_1_173' title='bbox 747 2172 1033 2229; x_wconf 80' lang='lat' dir='ltr'>memoriae</span> <span class='ocrx_word' id='word_1_174' title='bbox 1059 2173 1274 2246; x_wconf 62' lang='lat' dir='ltr'>Semina</span> <span class='ocrx_word' id='word_1_175' title='bbox 1311 2182 1357 2229; x_wconf 83' lang='lat' dir='ltr'>et</span> <span class='ocrx_word' id='word_1_176' title='bbox 1376 2172 1670 2243; x_wconf 76' lang='lat' dir='ltr'>Honorius;</span> 
     </span>
     <span class='ocr_line' id='line_1_29' title="bbox 157 2244 1672 2322; baseline 0.003 -21"><span class='ocrx_word' id='word_1_177' title='bbox 157 2266 294 2301; x_wconf 77' lang='lat' dir='ltr'>unus</span> <span class='ocrx_word' id='word_1_178' title='bbox 331 2244 538 2320; x_wconf 80' lang='lat' dir='ltr'>quidem</span> <span class='ocrx_word' id='word_1_179' title='bbox 579 2268 763 2322; x_wconf 76' lang='lat' dir='ltr'>novae,</span> <span class='ocrx_word' id='word_1_180' title='bbox 792 2248 925 2304; x_wconf 79' lang='lat' dir='ltr'>alter</span> <span class='ocrx_word' id='word_1_181' title='bbox 963 2261 1136 2306; x_wconf 74' lang='lat' dir='ltr'>autem</span> <span class='ocrx_word' id='word_1_182' title='bbox 1182 2249 1431 2322; x_wconf 73' lang='grc' dir='ltr'>αηίίᾳιιαο</span> <span class='ocrx_word' id='word_1_183' title='bbox 1473 2249 1672 2305; x_wconf 83' lang='lat' dir='ltr'>Romae</span> 
     </span>
     <span class='ocr_line' id='line_1_30' title="bbox 153 2322 1672 2395; baseline 0.003 -19.017"><span class='ocrx_word' id='word_1_184' title='bbox 153 2343 350 2378; x_wconf 66' lang='lat' dir='ltr'>summe</span> <span class='ocrx_word' id='word_1_185' title='bbox 388 2322 672 2380; x_wconf 75' lang='lat' dir='ltr'>sacerdotii</span> <span class='ocrx_word' id='word_1_186' title='bbox 711 2325 883 2381; x_wconf 75' lang='lat' dir='ltr'>sedem</span> <span class='ocrx_word' id='word_1_187' title='bbox 924 2324 1253 2395; x_wconf 75' lang='lat' dir='ltr'>decorante33</span> <span class='ocrx_word' id='word_1_188' title='bbox 1311 2330 1375 2380; x_wconf 85' lang='lat' dir='ltr'>At</span> <span class='ocrx_word' id='word_1_189' title='bbox 1416 2327 1550 2380; x_wconf 86' lang='lat' dir='ltr'>hune</span> <span class='ocrx_word' id='word_1_190' title='bbox 1591 2327 1672 2381; x_wconf 89' lang='grc' dir='ltr'>Ιο-</span> 
     </span>
     <span class='ocr_line' id='line_1_31' title="bbox 157 2400 1671 2474; baseline 0.004 -23"><span class='ocrx_word' id='word_1_191' title='bbox 157 2402 240 2470; x_wconf 85' lang='lat' dir='ltr'>qui</span> <span class='ocrx_word' id='word_1_192' title='bbox 294 2400 534 2456; x_wconf 89' lang='lat' dir='ltr'>dehisce</span> <span class='ocrx_word' id='word_1_193' title='bbox 593 2412 646 2455; x_wconf 90' lang='lat' dir='ltr'>ut</span> <span class='ocrx_word' id='word_1_194' title='bbox 705 2405 929 2474; x_wconf 79' lang='lat' dir='ltr'>pei-sonis</span> <span class='ocrx_word' id='word_1_195' title='bbox 987 2407 1280 2459; x_wconf 78' lang='lat' dir='ltr'>auctoritate</span> <span class='ocrx_word' id='word_1_196' title='bbox 1340 2404 1671 2459; x_wconf 87' lang='lat' dir='ltr'>ecclesiastica</span> 
     </span>
     <span class='ocr_line' id='line_1_32' title="bbox 157 2478 1118 2547; baseline 0.006 -19"><span class='ocrx_word' id='word_1_197' title='bbox 157 2479 520 2547; x_wconf 77' lang='lat' dir='ltr'>praestantibus</span> <span class='ocrx_word' id='word_1_198' title='bbox 559 2478 786 2534; x_wconf 77' lang='lat' dir='ltr'>dubitare</span> <span class='ocrx_word' id='word_1_199' title='bbox 827 2498 929 2533; x_wconf 88' lang='lat' dir='ltr'>non</span> <span class='ocrx_word' id='word_1_200' title='bbox 983 2481 1118 2534; x_wconf 86' lang='lat' dir='ltr'>lieet..</span> 
     </span>
    </p>

    <p class='ocr_par' dir='ltr' id='par_1_7' title="bbox 158 2553 1671 2705">
     <span class='ocr_line' id='line_1_33' title="bbox 308 2553 1671 2618; baseline 0.007 -12"><span class='ocrx_word' id='word_1_201' title='bbox 308 2553 385 2606; x_wconf 88' lang='lat'>3⁰.</span> <span class='ocrx_word' id='word_1_202' title='bbox 431 2554 558 2618; x_wconf 86' lang='lat' dir='ltr'>Quia</span> <span class='ocrx_word' id='word_1_203' title='bbox 589 2555 950 2610; x_wconf 83' lang='lat' dir='ltr'>Monothelitae</span> <span class='ocrx_word' id='word_1_204' title='bbox 990 2557 1109 2610; x_wconf 85' lang='lat' dir='ltr'>dum</span> <span class='ocrx_word' id='word_1_205' title='bbox 1138 2559 1190 2612; x_wconf 90' lang='lat' dir='ltr'>S.</span> <span class='ocrx_word' id='word_1_206' title='bbox 1222 2557 1528 2611; x_wconf 87' lang='lat' dir='ltr'>Vitalianum</span> <span class='ocrx_word' id='word_1_207' title='bbox 1565 2557 1671 2615; x_wconf 81' lang='lat' dir='ltr'>Pa.-</span> 
     </span>
     <span class='ocr_line' id='line_1_34' title="bbox 158 2632 1667 2705; baseline 0.005 -26"><span class='ocrx_word' id='word_1_208' title='bbox 158 2644 274 2699; x_wconf 84' lang='lat' dir='ltr'>pam</span> <span class='ocrx_word' id='word_1_209' title='bbox 314 2647 342 2683; x_wconf 93' lang='lat' dir='ltr'>e</span> <span class='ocrx_word' id='word_1_210' title='bbox 380 2633 530 2685; x_wconf 78' lang='lat' dir='ltr'>saci-is</span> <span class='ocrx_word' id='word_1_211' title='bbox 568 2632 781 2704; x_wconf 83' lang='lat' dir='ltr'>diptycis</span> <span class='ocrx_word' id='word_1_212' title='bbox 819 2651 1108 2705; x_wconf 75' lang='lat' dir='ltr'>expungere</span> <span class='ocrx_word' id='word_1_213' title='bbox 1140 2672 1157 2703; x_wconf 81' lang='grc'>,</span> <span class='ocrx_word' id='word_1_214' title='bbox 1224 2635 1440 2689; x_wconf 76' lang='lat' dir='ltr'>Honor-ii</span> <span class='ocrx_word' id='word_1_215' title='bbox 1481 2651 1667 2688; x_wconf 90' lang='lat' dir='ltr'>nomen</span> 
     </span>
    </p>
   </div>
   <div class='ocr_carea' id='block_1_2' title="bbox 218 2791 1094 2852">
    <p class='ocr_par' dir='ltr' id='par_1_8' title="bbox 218 2791 1094 2852">
     <span class='ocr_line' id='line_1_35' title="bbox 218 2791 1094 2852; baseline 0.008 -18"><span class='ocrx_word' id='word_1_216' title='bbox 218 2791 277 2849; x_wconf 78' lang='lat'>(1)</span> <span class='ocrx_word' id='word_1_217' title='bbox 313 2791 373 2837; x_wconf 80' lang='lat' dir='ltr'>Cf.</span> <span class='ocrx_word' id='word_1_218' title='bbox 411 2807 504 2852; x_wconf 79' lang='lat' dir='ltr'>pag.</span> <span class='ocrx_word' id='word_1_219' title='bbox 531 2793 617 2838; x_wconf 83' lang='lat'>108</span> <span class='ocrx_word' id='word_1_220' title='bbox 648 2793 762 2839; x_wconf 82' lang='lat' dir='ltr'>huius</span> <span class='ocrx_word' id='word_1_221' title='bbox 795 2794 1094 2842; x_wconf 81' lang='lat' dir='ltr'>dissertationis.</span> 
     </span>
    </p>
   </div>
  </div>
 </body>
</html>
