1780 3038
716 167 790 177 --
834 137 937 190 1'56
979 165 1053 175 —-

129 218 247 273 dicit
277 256 293 285 ‚
334 216 584 270 constituit
620 212 898 266 humanam
938 212 1089 265 Verbi
1133 221 1362 266 naturam
1399 218 1454 262 ut
1479 205 1638 283 prin-

129 294 324 369 cipium
344 313 443 363 quo
466 290 836 362 operationum,
857 301 907 342 et
947 289 1159 359 proinde
1181 290 1417 343 activam.
1442 287 1663 339 Secun--

130 374 217 437 do,
246 372 360 441 quia
385 369 533 422 relate
556 367 615 419 ad
639 366 914 417 libertatem
944 366 1216 419 divinitatis
1243 376 1291 419 et
1319 363 1642 416 humanitatis

132 448 257 500 nihil
297 446 530 515 exeipia13
569 459 682 495 eum
726 443 889 511 itaque
929 442 1096 496 Verbo
1139 443 1321 495 tribuat
1378 451 1642 509 utramque

135 536 364 577 naturam
406 519 839 591 perfectissimam3
877 535 1000 588 ergo
1028 519 1153 570 sieut
1178 536 1283 572 non
1312 527 1462 586 negat
1492 517 1647 570 aetio-

133 618 220 654 nes
260 599 462 652 divinae
500 606 714 647 naturae
755 595 946 657 liberas
972 612 1100 661 esse,
1145 595 1211 648 ita
1253 605 1306 648 et
1335 595 1515 647 fatetur
1540 610 1646 646 esse

135 678 316 728 liberas
357 674 675 743 operationes
714 682 922 724 naturae
963 670 1235 724 huma-nae.
1307 672 1360 724 3.
1431 670 1647 739 idipsum

134 753 307 806 suadet
349 750 478 802 ratio
521 750 780 818 desumpta
819 765 882 801 ex
921 750 1299 818 comparatione
1326 746 1421 799 Dei
1453 747 1503 799 in
1533 747 1667 799 ani-2

139 846 273 881 mam
315 826 593 879 humanam
635 824 848 893 agentiS‚
878 834 926 877 et
965 823 1117 878 Verbi
1149 824 1401 897 operantis
1430 823 1480 875 in
1508 838 1652 876 suam

137 904 535 969 liumanitatem3
580 901 741 970 inquit
781 901 939 953 enim:
985 919 1011 953 <t
1056 902 1160 956 Nos
1198 902 1334 956 enim
1364 917 1468 953 non
1497 912 1652 952 unam

140 1001 166 1034 ε(
214 980 559 1052 operationem
604 976 690 1048 ‘vel
734 978 857 1030 duas
904 977 1185 1031 Dominum
1215 975 1656 1031 lesumChristum

213 1060 419 1125 eiusque
461 1055 714 1107 Sanctum
756 1054 1001 1124 Spiritu-m
1044 1057 1363 1127 percepi-mus
1394 1089 1409 1120 ,
1453 1051 1526 1126 (l)
1569 1051 1656 1107 sed

216 1132 607 1187 multiformiter
665 1131 1015 1200 cog-noscimus
1055 1144 1336 1203 operatum.
1400 1131 1669 1201 Scriptum·

217 1221 290 1264 est
329 1210 513 1280 enim:
557 1207 608 1260 Si
650 1208 760 1276 quis
797 1207 1042 1278 Spiritum
1083 1208 1264 1262 Christi
1306 1226 1409 1269 non
1464 1206 1658 1274 habet,

216 1287 299 1340 bie
339 1286 445 1338 eius
486 1301 587 1336 non
630 1294 745 1351 est3
802 1295 852 1337 et
893 1285 1008 1337 alibi
1044 1301 1057 1338 :
1103 1303 1254 1340 nemo
1296 1295 1454 1357 potest
1493 1285 1660 1337 dicere

219 1363 471 1417 Dominus
510 1361 648 1431 lesus
690 1361 782 1413 nisi
826 1361 876 1413 in
919 1362 1108 1432 Spiritu
1139 1364 1342 1416 Sancto.
1375 1362 1670 1416 Divisiones-

217 1457 339 1494 vero
373 1438 652 1509 gratiarum
691 1447 853 1503 sunt,
924 1439 1055 1492 idem
1098 1451 1266 1493 autem
1307 1439 1524 1508 Spiritus
1561 1449 1658 1492 ete.

217 1517 409 1581 Quibus
448 1514 655 1585 prolatis
698 1514 840 1566 Pauli
884 1516 1180 1569 testimoniis
1222 1520 1560 1587 prosequitur:
1610 1513 1664 1567 Si

219 1594 487 1646 divisiones
528 1591 881 1661 operationum
921 1603 1036 1644 sunt
1058 1593 1268 1660 multae,
1299 1605 1346 1647 et
1380 1592 1470 1646 has
1491 1607 1669 1646 omnes

219 1670 355 1722 Deus
397 1669 446 1721 in
488 1667 728 1720 membris
771 1668 1005 1721 omnibus
1044 1669 1183 1740 pleni
1227 1670 1454 1741 eorporis
1482 1685 1678 1740 opera-²

223 1757 323 1811 tur,
364 1755 553 1815 quanto
599 1745 758 1813 magis
800 1746 949 1816 capiti
992 1759 1162 1800 nostro
1203 1746 1404 1800 Christo
1443 1744 1679 1799 Domino

224 1822 350 1875 haee
391 1830 595 1892 possunt
637 1821 920 1889 plenissime
960 1821 1218 1893 coaptari?
1247 1824 1305 1876 Et
1336 1823 1507 1894 paullo
1537 1832 1682 1893 poste

221 1898 400 1952 'Si...in
444 1896 684 1949 membris
748 1899 848 1951 suis
912 1898 1127 1969 Spiritus
1166 1900 1348 1953 Christi
1418 1899 1674 1952 multifor-

227 1976 373 2028 miter
414 1982 656 2044 operatur
686 2013 703 2043 ,
776 1974 825 2026 in
869 1992 969 2045 quo
1012 1978 1243 2046 vivunt,
1313 1987 1587 2031 moventur
1626 1985 1677 2028 et

223 2063 383 2119 sunt3
444 2060 634 2119 quanto
698 2052 857 2121 magis
895 2070 989 2122 ,per
1027 2055 1353 2124 semetipsum
1424 2053 1676 2107 mediato-

227 2146 331 2181 rem
372 2127 467 2179 Dei
509 2136 558 2179 et
598 2124 865 2186 hominum
909 2128 1058 2198 plene
1101 2130 1425 2200 :inperfecte
1451 2165 1468 2198 9
1509 2129 1681 2182 multi*

225 2222 347 2276 sque
391 2202 551 2277 modis
588 2211 639 2255 et
678 2203 1012 2260 ineffabilibus
1062 2206 1291 2260 confiteri
1334 2224 1425 2262 nos
1451 2223 1682 2261 commu--

140 1079 172 1645 22222292

148 1691 178 2103 222222

154 2147 179 2258 22

218 2455 276 2510 (1)
313 2450 399 2495 Hac
436 2450 626 2509 loquendi
658 2453 811 2498 ratione
840 2452 1042 2500 Honorius
1064 2456 1231 2514 praeivit
1256 2456 1475 2516 Sopbronio
1506 2457 1547 2501 in
1588 2457 1674 2516 epi-

156 2514 253 2557 stola
306 2510 503 2570 Synodica
536 2510 584 2554 ad
618 2510 793 2569 Sergium
826 2523 866 2557 et
907 2514 1152 2559 Patriarchas
1192 2518 1244 2560 ita
1291 2518 1498 2572 loquenti:
1541 2531 1676 2560 secun-

158 2572 248 2614 dum
281 2572 388 2630 quod
424 2568 531 2613 Deus
562 2570 712 2625 quidem
744 2579 800 2616 est
830 2572 928 2617 idem
958 2575 1039 2630 ipse
1070 2581 1139 2625 est,
1164 2590 1264 2631 quae
1296 2575 1426 2619 divina
1458 2582 1565 2624 sunt:
1598 2574 1677 2618 Se-

160 2630 327 2674 cundum
358 2628 462 2687 quod
496 2626 612 2670 homo
634 2662 644 2679 ‚
679 2629 779 2674 idem
810 2631 892 2688 ipse
922 2640 978 2675 est
1008 2647 1110 2689 quae
1151 2632 1322 2678 humana
1359 2641 1476 2686 sunt,
1507 2634 1678 2691 seipsum

165 2689 340 2734 omnibus
371 2688 502 2735 volens
537 2688 736 2733 oscendere
766 2692 871 2749 quod
900 2690 1008 2736 Deus
1039 2691 1138 2736 idem
1169 2692 1266 2750 ipse,
1292 2700 1328 2738 et
1358 2692 1468 2737 homo
1488 2693 1556 2737 sit.
