1780 3038
128 251 548 306 Fundamentum
589 247 743 317 igitur
783 249 1033 302 Ecclesiae
1072 255 1144 299 est
1170 246 1368 316 PetruS,
1398 247 1514 317 quia
1544 246 1649 301 Ec-

143 329 343 382 clesiam
382 343 532 396 super
570 342 687 377 eum
726 323 950 378 Christus
988 324 1263 390 fundavit3
1331 324 1456 376 sicut
1497 324 1650 394 igitur

143 406 322 458 domus
362 419 616 471 nunquam
658 419 685 453 a
716 401 1039 455 fundamento
1067 400 1284 470 separari
1314 409 1495 487 potest,
1524 398 1647 470 quin

142 490 361 546 corruat3
402 480 467 530 ita
507 484 556 530 et
585 495 612 529 a
639 479 787 530 Petio
818 495 1076 548 nunquam
1110 478 1327 546 separari
1363 487 1524 547 potest
1545 476 1649 530 Ec-

141 558 287 610 clesia
320 593 335 622 ,
377 554 498 624 quin
538 572 596 606 ea
638 554 885 608 soliditate
925 554 1244 618 destituatur,
1286 571 1438 641 quarn
1473 552 1647 625 habet,

141 633 275 703 quod
313 649 463 701 super
506 630 645 683 illum
687 631 891 684 fundata
933 650 959 684 a
1001 629 1197 683 Christo
1240 630 1347 700 ipso
1387 631 1491 684 sit·
1478 667 1494 696 ,
1524 648 1650 701 pro-

141 710 353 795 indeque
395 708 649 762 variarum
679 709 1018 761 Ecclesiarum
1046 707 1284 777 Episcopi
1315 725 1342 760 a
1373 708 1535 795 capite
1555 724 1647 762 suo

138 785 345 838 seiuncti
388 801 489 836 non
531 795 735 854 possunt
776 787 832 838 iis
860 785 1079 855 gaudere
1108 785 1502 854 praerogativis,
1524 801 1648 854 quas

140 862 257 932 ipsis
296 861 544 915 Dominus
583 872 749 914 noster
777 863 1005 933 promisit
1028 860 1376 915 tantummodo
1404 878 1505 914 una
1532 877 1651 915 cum

139 939 301 1009 capite
340 954 429 990 suo
470 938 813 1009 consideratiS,
858 956 961 992 non
1005 954 1126 991 vero
1156 937 1344 990 divisiS.

214 1015 406 1067 Rursus
445 1015 505 1067 ad
546 1015 781 1068 eumdem
803 1017 1014 1087 *Petrum
1055 1014 1179 1067 Luc.
1205 1013 1375 1066 XXII.
1406 1013 1496 1066 32.
1522 1011 1650 1067 haec

137 1090 263 1144 dixit
302 1089 543 1143 Christus.
591 1112 617 1146 «
664 1091 840 1146 Simon
882 1093 1086 1163 Simon..
1111 1090 1241 1143 Ecce
1270 1101 1463 1144 satanas
1482 1091 1650 1160 *expe-

141 1186 167 1220 «
212 1168 328 1222 tivit
370 1185 480 1234 VOS,
524 1176 576 1220 ut
615 1169 857 1222 cribraret
894 1170 1021 1222 sicut
1062 1168 1302 1236 triticum3
1341 1184 1435 1237 ego
1478 1173 1649 1221 autem

141 1261 168 1296 α
213 1244 389 1314 rogavi
434 1262 524 1314 pro
567 1254 613 1299 te
654 1256 707 1298 ut
747 1263 849 1300 non
891 1246 1088 1299 deficiat
1154 1244 1276 1297 sides
1316 1255 1398 1296 tua
1430 1284 1447 1315 ,
1486 1253 1556 1315 'et
1595 1253 1650 1297 tu

140 1341 166 1375 (c
211 1321 482 1391 aliquando
523 1338 795 1375 conversus
833 1323 1080 1376 confirma
1122 1321 1296 1374 fratres
1321 1330 1447 1374 tuos.
1487 1338 1513 1372 »
1555 1319 1649 1374 His

137 1398 303 1451 verbis
327 1409 601 1469 ,comparat
640 1399 918 1454 Ecclesiam
957 1417 1099 1452 suam
1139 1398 1358 1451 familiae
1397 1397 1597 1451 cuidam
1628 1435 1648 1465 ‚

138 1474 189 1526 in
230 1492 324 1545 qua
368 1477 544 1528 Petrus
582 1477 642 1528 sit
682 1477 832 1529 frater
873 1476 1260 1547 primogenitus,
1302 1475 1381 1527 cui
1434 1474 1649 1547 proinde

136 1568 164 1604 a
208 1561 346 1621 patre
387 1552 492 1606 iura
534 1554 704 1607 omnia
746 1552 976 1607 habuerit
1013 1552 1187 1607 ceteris
1226 1551 1457 1605 fratribus
1496 1568 1650 1622 prae-

135 1628 372 1696 sidendi,
415 1647 599 1701 eosque
639 1631 911 1700 dirigendi,
952 1640 1002 1684 et
1040 1628 1343 1698 corrigendi.
1387 1628 1512 1692 Quis
1550 1645 1648 1681 au-

137 1715 239 1758 tem
280 1723 466 1777 negare
509 1707 711 1776 poterit,
754 1707 1091 1760 necessarium
1132 1705 1342 1760 omnino
1383 1722 1487 1760 6556
1542 1704 1650 1757 sra-

137 1782 313 1853 trihus,
354 1801 441 1837 seu
482 1783 595 1837 filiis
636 1784 854 1838 familiae
893 1786 999 1838 sive
1038 1800 1155 1836 cum
1195 1792 1360 1853 patre,
1401 1779 1507 1836 sive
1528 1798 1646 1836 cum

135 1875 197 1912 6ο
237 1859 321 1930 qui
364 1861 517 1931 patris
556 1860 722 1914 locum
762 1871 811 1914 et
851 1870 1143 1933 potestatem
1191 1859 1431 1928 obtinet,
1470 1859 1510 1911 si
1550 1876 1646 1914 ve-

136 1934 229 1988 lint
248 1935 311 1989 ad
333 1935 574 1990 familiam
597 1939 928 2008 pertinere,et
947 1938 1166 2010 paternis
1187 1937 1281 1989 frui
1301 1936 1465 2007 boniS,
1484 1937 1646 1991 omni-

135 2028 204 2066 no
225 2013 490 2084 coniungi,
516 2031 579 2067 ne
600 2016 638 2075 si
660 2027 976 2085 separentur,
1000 2014 1080 2069 vel
1101 2013 1433 2080 haereditate,
1463 2013 1541 2068 vel
1565 2013 1646 2066 sa-

135 2088 304 2143 miliae
326 2090 601 2161 privilegiis
622 2092 863 2162 bonisque
885 2089 1180 2163 priventur?
1201 2091 1328 2145 Cum
1348 2090 1646 2162 itaqueEpi-

134 2165 271 2236 scopi
295 2166 468 2221 fratres
488 2169 526 2220 si
533 2178 586 2220 nt
606 2169 739 2222 Petri
763 2169 842 2222 cui
866 2186 892 2221 a
906 2167 1103 2222 Christo
1114 2185 1233 2222 cura
1247 2167 1499 2222 Ecclesiae
1507 2183 1644 2222 com-

135 2243 281 2296 missa
304 2243 415 2316 suit,
456 2255 505 2298 et
544 2246 835 2299 constitutus
862 2246 1247 2316 primogenitus3
1276 2262 1377 2299 non
1406 2254 1644 2316 poterunt

134 2320 387 2374 bonorum
428 2320 684 2376 Ecclesiae
723 2323 991 2393 participes
1030 2339 1156 2393 esse,
1180 2323 1219 2375 si
1260 2323 1367 2375 eius
1394 2338 1571 2377 vocem
1592 2332 1642 2376 et

135 2397 326 2450 monita
365 2399 503 2467 sequi
546 2410 773 2452 recusent
813 2399 892 2462 vel
932 2410 1188 2469 spernant.
1252 2399 1511 2469 Siquidem
1551 2416 1639 2454 re-

135 2483 307 2527 cusant
347 2475 639 2528 confirmari
663 2494 690 2529 a
717 2477 869 2530 Petro
909 2477 988 2529 cui
1019 2478 1365 2531 tantummodo
1393 2474 1519 2556 haec
1544 2492 1640 2530 cu-

135 2568 189 2604 ra
230 2552 491 2605 commissa
533 2570 560 2605 a
600 2553 939 2624 Redemptore
979 2553 1087 2606 fuit.

209 2627 428 2680 Demum
469 2645 583 2682 cum
623 2628 846 2683 Christus
882 2627 1026 2684 Ioan.
1088 2630 1234 2682 XXI.
1301 2629 1524 2686 15.17.
1569 2629 1638 2684 ita

132 2703 340 2756 Petrum
381 2704 626 2759 allocutus
647 2717 738 2760 est:
768 2705 935 2762 Pasce
961 2725 1123 2779 aqnos
1149 2726 1312 2774 meaa,
1320 2723 1492 2796 ’pasce
1520 2725 1637 2761 oves

134 2796 298 2853 meas,
339 2781 617 2838 Ecclesiam
653 2800 795 2838 suam
834 2785 1149 2857 comparavit
1189 2785 1354 2856 gregi,
1396 2785 1482 2858 qui
1525 2785 1635 2840 sine
