1780 3038
191 270 243 316 et
287 260 643 317 contradixisse
670 258 884 312 Honorii
912 257 1250 327 damnationi,
1270 257 1333 312 de
1359 258 1566 328 eiusque
1582 256 1700 328 epi-

188 340 324 392 stolis
362 337 670 391 eontrarium
712 335 875 388 tulisse
917 335 1157 389 iudicium
1198 334 1289 401 illi,
1330 335 1463 405 quod
1504 335 1566 387 de
1607 334 1700 388 iis-

189 418 304 468 dem
344 417 516 467 Patres
539 412 749 464 Concilii
782 411 870 464 Vt.
897 411 1140 477 tulerunt,
1172 411 1273 464 iam
1302 410 1426 464 baec
1445 412 1546 463 duo
1568 427 1695 480 pro-

191 492 305 544 bata
349 492 532 561 pariter
559 499 727 554 erunt;
749 497 798 541 et
838 487 1119 542 Concilium
1157 487 1246 541 vl.
1271 488 1392 541 dum
1413 486 1701 540 Honoriutn

190 567 469 631 damnavit,
510 565 713 634 eiusque
734 564 967 634 epistolas
996 564 1268 618 haereticas
1297 564 1561 630 iudicavit,
1594 580 1699 616 non

190 653 582 713 repraesentasse
607 658 893 695 universam
915 640 1212 709 Ecclesiam3
1236 651 1285 694 et
1311 640 1536 713 proinde
1551 639 1701 725 fuisse

191 719 477 772 destitutum
521 716 892 769 infallibilitate.

266 796 415 865 Atqui
457 792 526 867 (ct
566 787 691 847 haee
729 800 803 846 est
842 793 1012 846 minor
1053 793 1337 863 argumenti
1368 792 1521 846 nostri
1550 791 1700 862 prin-

195 872 391 942 cipaliS‚
420 889 549 943 quae
590 871 717 923 sacto
760 867 1024 942 innititur).
1070 870 1219 942 Atqui
1262 871 1435 923 Patres
1486 867 1700 922 Concilii

190 947 280 999 vt.
325 949 447 1001 dum
487 947 773 1001 Honorium
800 945 1119 1000 anathemate
1141 946 1423 1011 confixere,
1445 946 1568 998 dum
1593 945 1703 998 eius

193 1024 425 1094 epistolas
465 1035 517 1077 ut
556 1023 705 1095 plane
744 1021 1020 1077 haereticas
1061 1023 1163 1093 igni
1207 1023 1472 1076 tradendas
1491 1039 1596 1075 esse
1619 1022 1705 1074 it»-

194 1101 516 1165 dicaverunt,
559 1111 770 1170 egerunt
794 1110 966 1153 eontra
996 1100 1311 1154 manifestam
1349 1101 1704 1153 Romanorum

197 1178 507 1230 Pontificum
551 1188 771 1230 mentem
797 1213 813 1243 ,
854 1188 902 1230 et
944 1177 1095 1249 ipsius
1133 1177 1188 1233 S.
1229 1175 1512 1248 Agathonis
1537 1212 1556 1241 ‚
1614 1174 1702 1245 qui

202 1253 311 1306 illas
350 1255 451 1307 iam
493 1254 840 1307 iudicaverant
880 1270 986 1307 esse
1025 1253 1087 1307 ab
1127 1254 1266 1306 omni
1338 1254 1589 1306 immunes
1614 1268 1706 1315 er-

196 1347 311 1383 rore
340 1348 360 1398 3
387 1341 599 1400 egerunt
638 1341 810 1383 eontra
860 1342 1083 1384 mentem
1108 1330 1319 1384 Concilii
1366 1327 1706 1382 Occidentalis

197 1425 225 1459 a
266 1424 365 1477 quo
407 1407 541 1459 idem
581 1406 821 1460 iudicium
842 1404 999 1461 latum
1038 1406 1214 1460 suerat.
1248 1407 1389 1476 Ergo
1414 1406 1537 1459 dum
1562 1404 1706 1458 Con-

196 1482 371 1536 cilium
390 1482 478 1535 vl.
503 1483 761 1538 damnavit
782 1483 1091 1546 Honorium‚
1114 1500 1275 1554 neque
1297 1482 1703 1548 oecumenicum,

199 1576 361 1630 neque
401 1559 683 1629 legitimum
721 1570 871 1626 erat;
909 1559 1267 1616 destituebatur
1313 1559 1527 1631 proinde
1565 1557 1706 1612 adsi-

196 1636 373 1689 stentia
415 1635 629 1707 Spiritus
666 1635 859 1703 Sancti,
896 1637 1004 1692 sine
1043 1653 1144 1710 qua
1182 1635 1381 1691 nullum
1419 1634 1705 1690 Concilium

199 1711 461 1766 intattihtte
497 1729 602 1765 esse
642 1722 816 1783 potest.

273 1788 472 1844 Revera
513 1788 728 1842 loannes
763 1788 854 1843 lv.
897 1788 950 1842 in
987 1788 1262 1860 Apologia,
1298 1805 1454 1861 quam
1478 1787 1711 1861 proflo-

200 1865 347 1921 norio
386 1865 521 1919 dedit
560 1866 622 1918 ad
660 1864 1047 1921 Constantinum
1073 1866 1293 1919 Heraclii
1338 1866 1370 1919 f
1378 1865 1527 1932 lium,
1553 1882 1724 1937 aper-

202 1953 251 1996 te
278 1942 652 2012 affirmaverat,
693 1943 989 1997 universam
1025 1941 1404 1996 occidentalem
1428 1941 1709 2010 Ecclesiam

200 2018 496 2074 scandatum
539 2018 804 2089 sumpsisse
841 2019 905 2074 de
942 2017 1110 2072 Pirrhi
1144 2020 1377 2086 audacia,
1403 2019 1541 2090 quod
1577 2019 1712 2072 abu-

206 2107 393 2148 teretur
435 2094 652 2148 Honorii
681 2090 886 2149 nomine
912 2106 960 2149 et
1001 2097 1295 2149 auctoritate
1333 2096 1395 2149 ad
1435 2093 1713 2150 monothe-

203 2172 406 2226 lismum
447 2171 840 2226 defendendumt
887 2191 913 2225 ct
959 2171 1151 2227 Omnes
1175 2172 1522 2227 Occidentales
1543 2183 1713 2244 partes

206 2269 233 2302 it
279 2247 643 2302 scandalizatae
683 2248 974 2319 turbantur,
1015 2249 1166 2303 l'ratre
1195 2260 1363 2318 nostro
1396 2247 1578 2303 Pirrho
1606 2250 1711 2302 Pa·-

206 2347 233 2381 α
280 2322 497 2378 triarcha
539 2342 633 2398 per
670 2323 837 2378 literas
862 2342 976 2378 suas
1002 2324 1100 2379 hue
1129 2337 1277 2397 atque
1303 2325 1421 2380 illuc
1448 2326 1711 2379 transmis—

206 2423 231 2456 «ι
278 2419 377 2467 SaS,
418 2418 551 2455 nova
586 2400 858 2472 quaedam
854 2411 903 2454 et
926 2403 1195 2473 praeteris
1201 2403 1280 2456 dei
1301 2402 1534 2472 regulam
1558 2420 1713 2474 prae-

208 2497 235 2532 «
280 2477 521 2545 dicante,
552 2489 601 2532 et
641 2479 703 2531 ad
744 2479 1009 2550 proprium
1047 2496 1289 2546 sensum,
1330 2479 1470 2552 quasi
1509 2489 1712 2534 sanctae

207 2576 234 2610 «
280 2555 555 2609 memoriae
594 2554 883 2608 Honorium
915 2556 1109 2626 Papam
1128 2554 1384 2611 attrahere
1421 2556 1710 2624 festinante,

209 2650 235 2682 α
282 2629 415 2701 quod
456 2649 485 2684 a
525 2642 694 2687 mente
731 2629 965 2686 catholici
1006 2633 1165 2703 patris
1200 2643 1307 2687 erat
1348 2633 1548 2704 penitus
1581 2631 1713 2686 alie-

210 2726 237 2759 «
283 2724 445 2760 num..
454 2708 735 2762 .Praesatus
770 2709 909 2779 Papa
937 2710 1188 2781 rescripsit
1227 2709 1297 2770 ei,
1345 2706 1567 2783 (Sergio)
1590 2709 1711 2781 quia

211 2804 239 2841 «
284 2782 514 2840 Salvator
552 2785 733 2841 Noster
769 2785 894 2841 sieut
932 2795 1057 2841 esset
1097 2786 1396 2843 monadicus
1431 2803 1560 2842 unus
1582 2823 1604 2856 ,
1642 2785 1710 2842 ita
