1780 3038
122 2116 125 2118 .
154 2088 183 2124 ((

154 2165 182 2202 (ί

156 2239 184 2275 ((

156 2319 184 2355 (ί

157 2396 185 2431 ((

158 2471 187 2507 (ί

220 141 515 215 provinciae
554 143 888 210 pervenisset3
930 160 1062 195 unus
1099 158 1163 196 ex
1203 141 1516 214 principibus
1556 141 1656 194 im-

222 220 335 291 piae
376 217 533 290 partis
571 217 747 272 Severi
789 219 1107 285 execrabiliS,
1147 219 1357 272 nomine
1421 217 1610 271 Paulus
1637 257 1655 285 ‚

223 297 274 350 in
316 293 412 347 illis
452 293 575 349 loeis
614 311 887 366 apparenS‚
929 295 991 348 ad
1031 296 1138 349 eius
1165 297 1404 366 pietatem
1430 294 1657 362 accessit,

218 387 508 427 sermonem
549 389 643 444 pro
684 388 773 425 sua
813 373 1098 427 errabunda
1137 369 1330 426 haeresi
1375 372 1657 443 proferens,

219 460 270 504 et
309 446 407 502 hoc
446 450 676 520 profecto
717 449 978 503 dumtaxat
1036 448 1383 503 satisfaciendo
1406 466 1425 516 3
1466 446 1563 522 (1.)
1608 448 1659 502 in

220 526 403 598 quibus
462 524 680 595 piissima
737 526 844 579 eius
904 543 962 580 ae
1023 526 1204 597 regalis
1268 524 1661 596 magnanimitas

220 600 358 676 (eum
398 604 576 656 ceteris
615 602 755 655 enim
793 602 940 657 donis
978 602 1097 671 Dei,
1160 603 1314 658 etiam
1368 603 1661 658 divinorum

220 681 518 750 dogmatum
559 678 857 750 locupletari
898 680 1107 734 seientia
1148 678 1354 753 meruit)
1413 680 1536 734 dum
1575 696 1662 732 re—

220 756 520 826 darguisset,
561 773 621 810 ae
660 757 1024 846 depompasset
1052 775 1265 830 pravam
1326 756 1434 811 eius
1475 756 1663 828 impie-

225 843 404 900 tatem,
445 833 671 904 profanis
713 833 822 887 eius
861 835 1050 888 astutiis
1088 844 1290 889 sanetae
1328 843 1529 889 nostrae
1568 833 1666 886 Ee-

224 910 430 977 elesiae,
473 921 527 964 ut
571 926 723 966 verus
762 911 870 965 eius
909 921 1282 983 propugnator,
1338 922 1474 964 reeta
1515 920 1666 982 atque

229 986 552 1042 immaculata
593 1005 623 1042 e
662 987 862 1042 diverso
929 988 1138 1060 protulit
1202 988 1437 1058 dogmata
1477 1026 1495 1055 ‚
1537 989 1669 1041 inter

224 1081 354 1136 quae
396 1074 445 1117 et
486 1064 638 1117 unius
678 1065 986 1126 operationis
1050 1064 1233 1119 Christi
1275 1065 1383 1121 veri
1429 1064 1527 1118 Dei
1569 1083 1669 1119 no-

219 1142 306 1197 stri
348 1140 465 1194 seeit
503 1139 837 1195 mentionem.

301 1238 330 1273 (ι
376 1217 408 1270 3
449 1219 570 1272 Post
610 1216 814 1288 aliquod
882 1235 1007 1274 vero
1049 1227 1247 1291 tempus
1311 1217 1447 1273 idem
1486 1235 1516 1273 a
1553 1217 1667 1273 Deo

225 1293 555 1350 confirmatus
615 1293 901 1366 Imperator
942 1295 993 1349 in
1035 1294 1354 1367 provinciam
1413 1295 1669 1349 Lazorum

229 1372 534 1439 adveniens,
576 1372 873 1426 reeordatus
911 1383 984 1427 est
1023 1373 1374 1444 disputationis
1404 1408 1422 1440 ,
1462 1390 1620 1444 quam
1647 1410 1665 1440 ,

226 1450 355 1503 sieut.
395 1449 639 1515 diximuS‚
682 1448 873 1503 fecerat
912 1450 974 1504 ad
1014 1449 1231 1504 Paulum
1273 1449 1416 1503 illum
1482 1447 1670 1504 haere-

227 1526 406 1594 ticum,
448 1526 500 1579 in
544 1527 830 1597 praesentia
872 1526 991 1600 Cyri
1033 1527 1352 1595 sanctissimi,
1395 1536 1513 1581 tune
1553 1529 1671 1598 qui-

226 1604 345 1658 dem
372 1603 598 1659 eiusdem
638 1602 843 1658 Christo
886 1604 1120 1658 amabilis
1158 1604 1414 1659 Lazorum
1454 1605 1672 1675 provin-

225 1682 335 1736 ciae
394 1679 849 1750 metropolitanam
908 1682 1078 1736 sedem
1126 1682 1364 1749 tenentis,
1407 1698 1545 1736 nune
1574 1699 1671 1736 au-

227 1768 330 1812 tem
378 1773 620 1829 magnam
662 1757 1026 1812 Alexandriam
1086 1759 1327 1830 regentis,
1377 1759 1672 1813 Prassedietus

230 1836 385 1907 igitur
422 1833 763 1890 sanctissimus
803 1834 908 1904 vir,
950 1834 1030 1889 his
1070 1837 1271 1904 auditiS,
1331 1835 1439 1890 eius
1476 1837 1672 1890 sereni-

229 1913 316 1966 tati
360 1910 642 1986 respondit,
684 1913 879 1967 nescire
919 1913 1172 1967 subtiliter
1201 1950 1218 1981 ,
1261 1923 1432 1966 utrum
1472 1930 1627 1967 unam
1653 1951 1670 1981 ,

229 2007 295 2044 an
337 1991 461 2045 duas
502 1990 828 2059 operationes
866 1989 1054 2044 Christi
1098 1991 1206 2045 veri
1239 1991 1337 2044 Dei
1382 1991 1536 2044 nostri
1579 1992 1674 2045 ad-

227 2078 424 2123 struere
464 2081 666 2121 necesse
704 2067 785 2120 sit.
831 2067 972 2138 Ergo
1013 2087 1105 2140 per
1148 2069 1418 2122 iussionem
1442 2068 1548 2121 eius
1570 2069 1674 2139 pie-

230 2145 366 2211 tatis,
408 2162 500 2217 per
544 2141 713 2198 literas
753 2147 989 2216 proprias
1031 2146 1365 2216 interrogavit
1406 2162 1497 2199 nos
1520 2163 1675 2216 prae-

231 2222 393 2289 dictus
412 2219 753 2276 sanctissimus
794 2222 896 2290 vir,
921 2235 1091 2276 utrum
1114 2240 1268 2276 unam
1298 2222 1672 2293 operationem,

227 2316 292 2352 an
333 2299 456 2353 duas
500 2299 551 2352 in
596 2298 862 2354 Salvatore
902 2311 1072 2355 nostro
1113 2298 1311 2354 Christo
1367 2316 1570 2354 neeesse
1611 2303 1677 2354 sit

231 2375 421 2444 dicere3
461 2385 510 2429 et
568 2377 607 2431 si
648 2376 896 2447 quosdam
965 2394 1229 2432 noscamus
1286 2386 1575 2430 sanctorum
1617 2396 1676 2431 ae

231 2453 635 2508 beatissimorum
659 2463 860 2526 patrum
883 2472 1037 2510 unam
1061 2455 1281 2509 dicentes
1302 2456 1671 2526 operationem.

274 2603 331 2660 (1)
362 2602 409 2649 ld
438 2613 515 2658 est,
549 2606 635 2651 eius
667 2603 887 2664 patrocinio
920 2615 1139 2662 suscepto,
1186 2621 1273 2653 eam
1306 2604 1584 2662 defendendo,
1637 2615 1677 2653 et

155 2663 398 2722 argumentis
427 2665 728 2724 quomodolibet
759 2662 990 2711 muniendo
