1780 3038
188 294 194 301 .
269 247 341 319 (i)
382 249 503 313 Quis
543 249 744 318 Insuper
783 248 968 300 nesciat
1006 236 1058 301 S.
1112 246 1395 299 Maximum
1426 283 1443 313 ,
1484 245 1688 315 quando

188 328 568 401 disputationem
607 341 722 376 cum
762 322 942 376 Pirrho
982 324 1030 375 in
1071 323 1236 374 Africa
1276 322 1418 390 egit,
1455 339 1517 375 ea
1557 339 1688 392 quae

189 407 250 458 de
289 403 446 470 Sergii
488 400 691 470 epistola
734 399 900 466 dixit,
943 398 1234 452 memoriter
1295 397 1522 450 recitasse
1551 395 1582 452 ἲ)
1625 398 1688 450 Et

191 498 349 550 neque
387 476 621 529 Pirrhum
661 475 899 528 obstitisse
930 516 945 545 ‚
989 492 1151 546 neque
1191 475 1243 526 S.
1288 473 1569 527 Maximum
1625 489 1689 528 ex

189 558 357 610 codice
394 553 556 622 aliquo
597 549 744 603 aliato
788 568 893 602 rem
933 567 1073 604 suam
1122 550 1396 604 confecisse
1425 546 1455 602 ⁶?
1496 548 1569 621 (2)
1610 550 1689 603 De

189 643 352 685 cetero
393 627 516 680 haec
557 637 655 679 tam
697 626 826 681 levia
878 638 1012 693 sunt,
1056 637 1108 679 ut
1148 627 1356 680 omnino
1397 643 1460 680 ex
1500 627 1693 679 immu-

191 709 374 760 tatione
439 703 576 757 verbi
621 702 748 755 iliius
783 739 800 769 ,
840 704 973 774 quod
1034 703 1237 756 fortuito
1305 719 1506 774 prorsus
1560 721 1688 757 eve-

188 786 295 836 nire
361 780 524 851 potuit
557 820 574 844 ‚
635 779 877 833 malitiosa
938 779 1233 850 depravatio
1281 778 1520 849 epistolae
1586 795 1689 833 non

190 858 494 913 defendatur.
537 854 717 908 Nonne
758 857 893 908 enim
938 856 984 908 in
1029 856 1144 926 ipsis
1183 855 1453 908 Sacrorum
1492 855 1693 909 Bibtio-

192 953 302 988 rum
343 932 593 986 codicibus
649 931 831 985 similes
883 933 1136 986 variantes
1189 931 1520 984 inveniuntur
1550 927 1582 985 ‘l
1625 932 1691 985 Et

196 1020 364 1066 tamen
387 1009 495 1079 quis
523 1025 742 1077 unquam
770 1008 1000 1063 desendet
1039 1008 1200 1060 Biblia
1245 1007 1391 1061 fuisse
1419 1004 1692 1079 corrupta?

265 1086 454 1139 Verum
495 1083 684 1136 etiamsi
713 1101 909 1156 semper
931 1084 1310 1156 praeferendam
1355 1100 1459 1138 esse
1518 1096 1693 1155 putem

196 1165 249 1216 S.
290 1161 495 1214 Maximi
538 1161 881 1215 auctoritatem
938 1179 1087 1232 supra
1134 1158 1500 1215 Monothelitas
1536 1178 1694 1231 quos-

194 1255 428 1308 cumque3
472 1247 660 1303 tamen,
684 1253 806 1308 pace
847 1238 898 1290 S.
944 1238 1183 1308 Martyris
1219 1238 1409 1303 dicam,
1452 1238 1688 1293 standum

196 1314 289 1367 hac
333 1317 382 1366 in
424 1314 709 1383 quaestione
750 1332 926 1368 censeo
969 1313 1134 1367 Piri-hi
1179 1314 1343 1385 potius
1381 1314 1686 1382 auctoritati,

195 1408 346 1461 quam
375 1391 543 1461 ipsius3
571 1406 670 1459 qua
694 1390 742 1442 in
766 1410 818 1445 re
841 1391 1020 1461 injuria
1046 1391 1207 1462 ipsum
1231 1407 1335 1444 non
1363 1390 1551 1458 afficio,
1576 1407 1694 1446 cum

195 1469 257 1520 de
295 1466 582 1536 quaestione
622 1466 789 1520 critica
831 1478 1028 1538 agatur,
1073 1469 1122 1519 in
1151 1485 1246 1538 qua
1301 1467 1577 1521 memoriae
1615 1467 1698 1522 la-

196 1560 285 1614 psu
325 1542 482 1613 potuit
524 1541 625 1612 ipse
664 1560 832 1597 errare
862 1584 879 1614 ‚
921 1544 1044 1597 sicut
1084 1544 1208 1597 alius
1248 1541 1406 1598 homo
1456 1544 1694 1614 quicum-

197 1636 311 1688 que.
356 1621 419 1670 At
458 1618 608 1670 dices:
652 1618 704 1670 S.
749 1621 998 1673 Maximus
1037 1632 1172 1674 certo
1221 1621 1403 1675 certius
1432 1620 1695 1692 epistolam

197 1695 356 1764 Sergii
382 1695 442 1747 ad
470 1694 754 1747 Honorium
782 1696 987 1766 legerat.
1013 1697 1214 1768 Utique.
1240 1697 1337 1751 Sed
1359 1708 1495 1752 certo
1516 1698 1698 1752 certius

199 1770 385 1840 legerat
425 1772 575 1824 etiam
614 1770 839 1826 Pirrhus.
884 1773 1010 1826 Cum
1033 1774 1204 1845 ‘itaque
1227 1774 1377 1828 ambo
1400 1791 1570 1829 errare
1597 1791 1696 1847 po·-

197 1847 405 1914 tuerint‚
433 1857 487 1898 ut
507 1847 567 1900 de
597 1864 713 1901 vera
736 1849 947 1903 lectione
999 1851 1235 1905 certiores
1274 1850 1473 1918 flamm,
1499 1869 1564 1905 ex
1589 1851 1698 1906 aliis

200 1923 508 1977 documentis
536 1939 643 1977 rem
677 1942 780 1980 esse
833 1927 1166 1981 dirimendam
1187 1928 1421 1982 arbitror.
1444 1928 1574 1985 Dico
1597 1928 1699 2001 igi-

262 2148 336 2205 (1).
369 2145 413 2191 Id
446 2155 568 2206 patet.
603 2157 643 2194 et
674 2152 775 2210 quod
809 2153 844 2196 in
891 2150 1050 2198 Macarii
1094 2154 1244 2200 codice‘
1275 2168 1417 2212 graece
1465 2154 1695 2207 haberetur.

200 2215 239 2250 et
268 2206 374 2264 quod
405 2207 568 2264 epistola
598 2209 720 2268 Sergii
749 2212 850 2255 lecta
881 2212 919 2256 in
949 2213 1097 2259 Codice
1129 2230 1176 2258 ex
1208 2214 1394 2259 Archivio
1417 2214 1547 2259 delato
1583 2227 1700 2272 grae·

203 2281 245 2308 ca
278 2274 394 2314 esset,
429 2274 469 2308 et
499 2268 581 2311 sine
613 2269 931 2327 interpretatione
963 2273 1095 2317 latina.
1131 2273 1231 2318 Nam
1263 2287 1349 2316 cum
1382 2281 1512 2318 actum
1551 2281 1612 2317 est
1643 2273 1696 2318 de

200 2321 375 2380 Epistola
406 2322 446 2366 1.
480 2323 659 2380 Honorii,
694 2343 792 2385 quae
823 2329 941 2374 latino
975 2331 1158 2375 idiomate
1187 2332 1334 2390 scripta
1366 2339 1448 2376 erat
1470 2366 1482 2384 ‚
1525 2332 1695 2377 dicitur:

197 2381 362 2438 prolata
394 2388 448 2424 est
480 2384 646 2439 epistola
677 2385 898 2431 authentica
930 2389 1058 2434 latina
1088 2389 1260 2434 Honoris·
1290 2406 1371 2435 una
1403 2406 1489 2435 cum
1526 2390 1611 2451 ejtts
1636 2389 1702 2433 in-

204 2440 494 2495 terpretatione.
529 2442 694 2487 Actione
724 2443 815 2489 ΧΗ.
850 2444 947 2492 item
980 2448 1029 2492 de
1062 2449 1184 2493 altera
1217 2448 1358 2493 dicitur
1388 2449 1548 2495 Action.
1583 2446 1697 2494 Xlll.

202 2496 262 2565 lic
288 2498 453 2564 prolata·
484 2506 539 2543 ese
568 2500 741 2546 Ilonorii
770 2503 896 2549 latina
930 2507 1096 2563 epistola
1136 2522 1220 2552 cum
1250 2507 1576 2567 interpretatione
1603 2520 1695 2552 sua.

205 2556 246 2597 Si
278 2555 396 2598 latina
429 2556 559 2614 lingua
590 2561 809 2618 scripsisset
838 2564 1025 2621 Sergius,
1060 2580 1181 2623 quare
1227 2566 1394 2625 idipsum
1436 2566 1584 2611 dictum
1616 2580 1698 2612 uon

205 2614 301 2677 est?
331 2614 392 2657 vei
425 2628 544 2682 quare
577 2618 720 2663 dictum
750 2621 886 2666 saltem
918 2638 996 2667 non
1027 2633 1101 2677 est,
1136 2624 1275 2670 haberi
1304 2628 1344 2670 in
1377 2626 1518 2672 eodem
1557 2625 1700 2672 codice

207 2678 570 2728 interpretationem
602 2677 758 2721 latinam
775 2681 796 2722 ‘l

263 2729 335 2783 (2).
369 2729 478 2796 ilaec
510 2742 688 2779 constant
718 2746 765 2780 ex
797 2738 880 2798 ipsa
913 2739 1175 2798 disputatione
1206 2744 1247 2788 S.
1286 2744 1446 2791 Maximi
1483 2759 1571 2792 cum
1601 2738 1701 2789 Pir·-

209 2785 294 2830 rbo..
331 2786 460 2847 Migne
491 2790 638 2838 Patrol.
672 2796 816 2841 Graec.
848 2797 930 2842 vol.
965 2799 1013 2844 91
1052 2800 1139 2862 Col.
1175 2802 1276 2849 327.
