1780 3038
255 199 308 254 4.
332 195 524 264 Quibus
545 197 674 254 addo
686 201 818 271 quod
840 201 878 254 si
901 198 1063 270 Sergii
1088 213 1228 252 mens
1248 208 1477 252 accurate
1503 215 1614 272 per-

103 274 363 349 spiciatur,
406 276 568 328 innuit
604 293 656 330 se
695 278 756 330 ad
796 278 862 331 R.
897 277 936 330 E
979 278 1201 348 iscopum
1234 277 1344 329 ideo
1372 278 1614 343 scribere,

105 353 219 425 quia
262 369 377 406 cum
420 353 521 422 ipse
562 352 831 423 plurimam
874 295 1155 407 adfiibuerit
1195 370 1401 423 operam
1443 355 1502 406 ad
1544 356 1618 406 si·-

101 429 313 483 lentium
355 430 673 482 indicendum
704 468 721 500 ‚
765 442 930 484 tamen
974 448 1050 484 res
1088 429 1178 483 sibi
1222 447 1313 500 pro
1355 439 1473 483 voto
1514 447 1615 483 non

102 517 333 568 cesserat,
356 506 646 575 praesertim
669 516 928 577 postquam
951 505 1263 579 Sophronius
1301 506 1435 576 Cyro
1475 508 1619 577 capi-

76 582 266 635 'tulum
305 580 420 635 Vll.
447 598 563 635 cum
605 581 967 639 Theodosianis
1007 582 1272 657 paciscenti
1314 582 1618 636 validissime

103 658 493 712 contradixerat.
526 658 776 713 Credibile
816 671 987 717 autem
1028 679 1090 714 ne
1129 670 1201 714 est
1241 658 1455 713 voluisse
1494 659 1619 713 Ser-

104 735 244 805 gium
273 735 499 806 privatae
523 753 763 807 personae
784 741 1076 793 auctoritate
1096 736 1431 806 comprimere
1458 753 1620 806 quae-

102 812 339 882 stionem‚
382 829 533 882 quam
574 812 894 883 patriarchali
938 832 1040 868 non
1082 808 1346 885 potuerat?
1374 817 1425 864 et
1465 813 1620 883 pluris

102 886 273 942 secisse
315 889 541 958 privatae
583 907 825 960 personae
867 891 1128 954 iudicium,
1168 903 1319 958 quam
1351 888 1469 940 illud
1498 907 1621 943 ase-

103 966 314 1036 metipso
344 964 498 1018 latum
522 975 575 1018 ut
602 964 929 1021 Patriarcha?
960 966 1239 1020 Auctoritas
1264 965 1508 1033 siquidem
1532 984 1620 1036 pa·

102 1039 382 1095 triarchalis
422 1042 585 1095 maior
624 1053 698 1096 est
736 1045 1029 1098 auctoritate
1057 1042 1123 1096 R.
1155 1042 1412 1096 Pontificis
1434 1053 1485 1095 ut
1509 1044 1620 1114 pri-

102 1123 219 1173 vata
260 1135 473 1189 persona
515 1119 832 1173 considerati.

255 1192 334 1248 5⁰.
368 1194 566 1249 Nedum
588 1195 650 1249 de
677 1195 966 1265 quaestione
996 1203 1167 1250 exorta
1190 1193 1454 1249 certiorem
1490 1194 1618 1248 sim-

103 1270 302 1343 pliciter
344 1271 458 1325 fecit
515 1271 801 1325 Honorium
835 1309 852 1340 ‚
893 1273 976 1326 sed
1018 1283 1068 1325 et
1125 1281 1232 1324 acta
1301 1272 1616 1338 transmisit,

103 1364 232 1419 quae
271 1346 332 1401 ad
374 1347 513 1401 illam
578 1348 932 1402 referebantur
962 1385 981 1416 ,
1020 1359 1075 1402 ut
1135 1357 1270 1421 patet
1311 1359 1416 1400 tum
1457 1365 1519 1401 ex
1561 1350 1619 1401 iis

102 1441 230 1495 quac
270 1424 390 1478 dicit
427 1425 493 1477 N.
541 1422 592 1477 ιὶ.
635 1421 786 1488 Nihil
806 1432 981 1480 tamen
1010 1422 1219 1499 penitus
1258 1419 1316 1479 in
1341 1419 1620 1481 huiusmo-

101 1497 162 1556 di
202 1497 397 1555 nostris
425 1498 697 1574 rescriptis
732 1499 1216 1576 promzthavimu3‚
1263 1499 1395 1555 sicut
1427 1519 1620 1575 suppe-

104 1575 166 1632 tit
192 1595 338 1632 nosse
366 1575 468 1632 Vos
494 1575 895 1635 Sacratissimos
941 1586 988 1634 et
1029 1574 1328 1644 mammes,
1380 1574 1619 1651 releqen-

106 1660 179 1708 tes
226 1672 431 1725 eorum,
479 1673 612 1725 quae
651 1652 811 1709 missa
864 1662 984 1725 sunt
1031 1651 1379 1729 exemplaria,
1410 1664 1515 1707 tum
1555 1673 1618 1708 ex

106 1730 164 1785 iis
202 1748 330 1802 quae
370 1731 560 1802 profert
600 1749 650 1784 n.
703 1731 789 1784 14.
826 1729 1180 1787 iudicavimus
1217 1727 1281 1784 de
1323 1724 1406 1787 his
1433 1730 1618 1803 coqui-

105 1803 300 1862 tsonem
321 1803 454 1862 darc
473 1817 673 1863 vestrae
688 1818 944 1881 paternae
965 1803 1320 1876 Beotiludini‚
1345 1816 1394 1862 el
1412 1804 1619 1864 adhor-

105 1891 288 1938 tamur
345 1903 436 1939 vos
475 1882 824 1939 sacratissimi
859 1881 998 1939 -Ιιαεσ
1041 1882 1222 1939 omm'ct
1276 1887 1460 1957 leqere.
1505 1885 1618 1949 Qua

95 1961 167 2029 „de
206 1978 352 2015 causa
394 1961 634 2014 iudicium
675 1961 879 2033 plenum
920 1973 968 2015 et
1009 1962 1283 2033 perfectum
1315 1978 1332 2030 3
1382 1964 1485 2016 imo
1525 1962 1618 2015 ‹le-

105 2048 297 2091 cretum
337 2039 541 2110 proprie
583 2039 769 2091 dictum
795 2039 997 2108 Sergius
1024 2039 1308 2109 expetebat,
1336 2041 1468 2109 quod
1500 2055 1619 2110 pos-

105 2125 177 2167 set
215 2114 371 2186 Cyro,
415 2113 726 2186 Sophronio‚
768 2126 818 2169 et
858 2117 1122 2171 universae
1162 2115 1404 2168 Orientali
1449 2116 1621 2169 Eccle-

105 2191 229 2258 siae,
262 2193 338 2245 ‘in
379 2209 531 2262 quam
570 2193 660 2246 sibi
703 2202 995 2263 potestatem
1035 2193 1342 2262 arrogabat,
1382 2209 1618 2246 commu-

106 2268 296 2337 nicare3
337 2286 475 2322 secus
501 2270 636 2322 enim
677 2270 738 2322 ad
767 2270 884 2340 quid
909 2280 1014 2323 acta
1039 2265 1279 2322 misisset?
1318 2269 1617 2323 sententiam

109 2344 265 2414 igitur
305 2346 531 2417 privatae
598 2363 841 2417 personae
883 2347 985 2417 ipse
1027 2363 1129 2398 non
1172 2346 1493 2416 postulabat,
1533 2345 1620 2399 sed

106 2421 265 2492 qualis
304 2440 330 2475 a
359 2440 594 2493 supremo
637 2423 748 2482 fidei
792 2421 953 2476 iudice
992 2422 1150 2475 emitti
1180 2422 1387 2476 solebat.

261 2497 338 2552 6⁰.
382 2499 667 2553 Honorium
691 2513 833 2570 rogat
863 2512 914 2551 ut
935 2501 1154 2569 corrigat
1180 2500 1217 2551 si
1259 2499 1376 2568 quid
1421 2498 1620 2568 imper-

108 2573 234 2628 secte
273 2576 461 2630 dictum
502 2575 668 2629 suisset
690 2577 874 2629 nedum
917 2593 942 2628 a
976 2593 1050 2640 se,
1091 2576 1174 2628 sed
1214 2577 1365 2629 etiam
1407 2574 1615 2644 abillis,

110 2668 325 2721 quorum
364 2653 545 2723 scripta
589 2654 931 2707 trasmittebat.
978 2652 1113 2721 Ergo
1137 2652 1339 2721 Sergius
1364 2650 1493 2704 illius
1520 2668 1617 2704 au-

106 2729 319 2781 ctoritati
360 2734 410 2782 et
451 2729 635 2784 iudicio
674 2730 967 2784 subiiciebat
1006 2729 1156 2782 fidem
1199 2729 1349 2783 trium
1390 2729 1618 2782 Patriar-
