1780 3038
186 271 350 341 Atque
388 267 509 324 hine
547 269 849 342 sequebatur
895 269 940 321 1.
985 265 1254 323 Catholicis
1298 265 1502 337 quidem
1544 276 1622 318 ta·-

105 347 326 400 eendum
365 363 473 400 esse
534 355 639 398 tum
683 347 810 398 inter
846 362 938 410 se,
983 357 1086 397 tum
1127 361 1241 397 eum
1303 343 1476 396 alienis
1501 379 1516 409 ,
1559 360 1626 394 ne

114 423 334 476 Romani
375 422 632 477 Pontiffieis
671 423 870 475 decreto
900 423 1137 475 obsistere
1180 421 1489 487 viderentur3
1521 436 1621 471 non

114 510 280 552 tamen
342 500 605 552 tacendum
667 497 927 552 haereticis
993 500 1140 551 fuisse
1183 497 1311 551 inter
1348 513 1400 550 se
1431 535 1448 563 9
1489 496 1623 566 quod

112 593 203 647 per
240 576 491 629 silentium
534 576 797 642 indictum,
840 576 1114 630 nullimode
1155 575 1454 644 abrogatum
1478 573 1627 626 suerit

109 653 386 724 capitulum
425 650 538 705 Vll.
584 665 757 724 pactae
797 669 913 706 eum
953 653 1094 725 Cyro
1136 651 1471 722 professionis

185 729 498 800 Sequebatur
538 731 590 782 2.
634 747 809 782 omnes
870 729 978 782 iilos
1035 731 1140 784 sive
1199 728 1476 790 haereticos
1513 726 1621 779 sive

115 805 364 871 infideieS‚
406 806 514 876 qui,
565 823 716 877 opera
759 807 1049 877 praesertim
1091 806 1208 877 Cyri
1250 815 1298 858 et
1339 802 1626 876 Eutychia-

111 899 293 936 norum
336 883 385 935 in
428 881 775 936 Patriarchatu
843 883 1183 936 Alexandrino
1224 882 1285 934 ad
1325 880 1628 935 eathoiieam

110 956 355 1013 unitatem
385 960 620 1013 aecedere
649 959 971 1026 videbantur,
1003 960 1232 1014 debuisse
1263 959 1475 1012 eandem
1505 973 1630 1028 pro-

110 1035 241 1089 fiteri
283 1036 458 1103 fidem,
499 1053 615 1090 eum
657 1036 792 1088 nulla
834 1036 928 1089 alia
972 1038 1037 1089 ab
1079 1039 1194 1110 ipsis
1237 1044 1628 1106 proponeretur;

110 1129 176 1166 ex
236 1129 337 1183 quo
406 1113 590 1166 iterum
659 1114 1029 1185 impossibilitas
1087 1113 1387 1170 observandi
1446 1110 1628 1164 silentii

112 1189 267 1243 etiam
312 1206 427 1243 eum
467 1190 594 1243 attis.
1258 1188 1262 1191 ’

185 1265 496 1336 Sequebatur
538 1266 589 1319 3.
635 1265 794 1319 videri
865 1264 1118 1337 plerisque
1161 1267 1402 1336 potuisse,
1445 1281 1508 1318 ne
1546 1263 1632 1317 di-

108 1359 223 1398 cam
262 1343 516 1408 omnibuS‚
558 1343 820 1414 probatam
862 1343 924 1396 ab
964 1343 1194 1396 Honorio
1236 1343 1354 1414 Cyri
1395 1359 1511 1396 cum
1545 1341 1633 1393 Se-

113 1420 334 1474 verianis
394 1420 794 1473 Satissaetionem
818 1459 835 1487 ‚
877 1430 925 1474 et
964 1432 1325 1489 consequenter
1351 1417 1631 1490 capitulum

114 1496 226 1548 vll.
274 1496 401 1549 Cum
442 1497 581 1552 enim
610 1497 788 1569 Sergio
829 1507 1043 1567 pateret,
1084 1496 1370 1551 Honorium
1413 1495 1531 1548 ittud
1562 1495 1636 1546 in-

72 1585 76 1590 ·
111 1572 293 1627 dixisse
334 1573 613 1642 silentium,
659 1592 720 1628 ne
761 1575 948 1627 sancita
991 1574 1258 1628 eoncordia
1321 1572 1635 1628 rescindere-

114 1660 233 1721 tur,
275 1650 342 1717 ei,
386 1660 492 1704 turn
531 1650 687 1723 Cyro,
731 1651 1036 1722 reliquisque
1077 1651 1339 1704 videbatur
1378 1650 1636 1704 Honorius

115 1726 251 1780 iiiam
312 1727 482 1795 velie3
523 1739 571 1781 et
612 1728 825 1799 proinde
884 1730 1040 1781 etiam
1082 1727 1213 1781 velie
1270 1727 1634 1799 professionem

111 1802 317 1874 capituli
365 1804 482 1856 vll.
527 1805 588 1858 de
652 1823 750 1858 una
818 1804 1142 1876 operatione,
1182 1805 1288 1858 sine
1329 1823 1424 1877 qua
1472 1803 1637 1855 unitas

114 1879 198 1934 illa
243 1880 293 1933 in
334 1881 713 1935 dissolutionem
756 1883 950 1935 abitura
995 1882 1182 1934 suisset.

188 1957 503 2028 Sequebatur
544 1959 595 2012 -t,
644 1959 752 2012 iure
792 1958 1066 2013 catholicos
1106 1976 1191 2012 eos
1230 1974 1405 2012 omnes
1462 1955 1637 2009 existi-

119 2035 247 2087 mari
292 2035 528 2105 potuisse,
569 2036 654 2106 qui
698 2035 818 2107 Cyri
864 2037 1019 2089 sidem
1064 2035 1443 2106 profiterentur.

191 2111 224 2164 5
264 2110 484 2164 Demum
506 2112 832 2183 sequebatur,
857 2115 918 2166 ab
941 2113 1170 2166 Honorio
1196 2112 1347 2165 veluti
1372 2110 1635 2182 probatam

117 2184 248 2240 hane
272 2187 428 2259 ipsam
450 2207 613 2260 suam,
637 2207 788 2260 quam
817 2191 878 2243 ad
903 2190 1042 2242 iilum
1083 2190 1328 2243 scribebat
1351 2188 1635 2258 epistolam3

118 2281 237 2317 eum
276 2265 413 2318 enim
438 2266 882 2320 monotheiitieum
911 2269 1095 2337 dogma
1127 2267 1191 2318 ibi
1222 2267 1491 2336 scripsisset
1514 2264 1638 2316 Ser-

118 2341 231 2410 gius
260 2377 276 2403 ,
318 2359 419 2395 non
462 2354 661 2414 poterat
724 2344 845 2396 illud
912 2344 1170 2397 Honorius
1198 2343 1460 2409 damnare,
1513 2340 1636 2410 quin

125 2417 262 2489 leges
299 2419 439 2490 petiti
468 2419 650 2474 silentii
675 2420 905 2476 violaret.
949 2418 1023 2496 (i)

179 2567 239 2624 (1)
270 2569 322 2612 At
354 2567 460 2614 Deus
484 2605 494 2623 ‚
529 2572 597 2628 qui
631 2571 776 2616 lumine
816 2587 885 2616 suo
935 2570 1112 2615 Romano
1145 2570 1327 2615 Pontifici
1371 2568 1422 2612 de
1456 2568 1534 2612 fide
1567 2567 1637 2611 Ιο-

123 2626 258 2684 quenti
291 2642 445 2687 semper
492 2630 644 2685 adiuit,
680 2634 835 2689 semper
866 2631 992 2680 adest,
1027 2646 1182 2689 semper
1232 2630 1389 2679 aderit,
1444 2627 1638 2682 (definia-

123 2693 200 2736 tur,
237 2700 310 2730 nec
339 2702 407 2738 ne,
442 2687 540 2732 haec
574 2690 717 2733 veritas
751 2691 799 2734 de
831 2690 926 2744 side)
979 2691 1154 2747 permisit
1185 2689 1323 2745 utique
1355 2695 1398 2731 ut
1432 2685 1638 2731 *Honorius

122 2744 311 2802 probaret
342 2748 637 2790 oeconomicum
668 2748 866 2791 silentium
899 2763 919 2792 a
951 2748 1091 2804 Sergio
1124 2747 1355 2805 expetitum;
1388 2753 1435 2789 at.
1460 2746 1563 2803 quod
1583 2744 1637 2789 ad

124 2802 339 2847 doctrinam
370 2812 537 2863 spectat,
576 2806 701 2850 voluit
735 2816 778 2850 ut
809 2807 891 2865 ipse
923 2803 1136 2866 exponeret
1170 2807 1287 2850 sidem
1311 2820 1332 2849 e
1355 2806 1545 2849 diametro
1577 2804 1638 2847 fi-

122 2860 188 2907 dei
216 2861 345 2922 Sergii
362 2865 597 2924 oppositam,
623 2873 664 2910 ut
685 2866 781 2910 msra
799 2866 1033 2924 probaturus
1057 2865 1230 2912 indubiis
1250 2865 1491 2923 argumentis
1514 2876 1600 2908 ero.
