1780 3038
812 140 885 148 ....
927 108 995 161 44
1034 136 1107 144 .-

211 192 353 264 ηυθι·ἰ
395 208 532 263 posse
573 202 768 242 censeo:
812 186 927 238 Esto
956 183 1086 253 quod
1118 176 1344 233 nonnulli
1368 176 1562 231 codices
1609 174 1704 228 de-

217 270 299 321 lati
340 286 398 321 ex
440 264 663 320 archivio
725 261 975 314 Ecclesiae
1014 257 1234 328 Cptanae
1294 252 1574 323 interpolati
1617 267 1706 322 per

217 344 579 397 haereticorum
610 338 831 391 fraudem
863 334 1050 389 inventi
1091 332 1208 397 sint3
1250 340 1298 381 at
1337 329 1418 381 alii
1448 330 1598 381 etiam
1629 327 1707 379 al·-

220 422 302 472 lati
343 429 455 471 sunt
494 434 555 469 ex
594 415 770 468 codem
800 411 1046 474 archivio,
1090 407 1172 477 qui
1215 407 1421 459 omnino
1452 405 1629 473 integri
1658 413 1709 457 et

217 494 487 564 incorrupti
531 499 690 554 erant,
731 498 779 540 et
819 504 879 540 ex
921 486 1098 555 quibus
1134 491 1412 535 ceterorum
1453 481 1708 550 corruptio

219 572 425 640 ‚probata
467 578 552 620 est.
598 566 646 618 Si
692 566 853 633 itaque
894 579 957 613 ex
997 578 1097 630 quo
1144 557 1369 611 nonnulli
1411 558 1710 611 codiccsin-

212 645 441 715 terpo‘lati
467 683 482 713 ,
523 642 601 695 vel
643 639 860 709 corrupti
904 637 1090 689 inventi
1131 645 1244 686 sunt
1273 671 1289 700 ‚
1330 635 1551 704 sequitur
1592 651 1711 687 cor-

219 731 415 791 ruptam
456 735 544 788 per
584 715 936 769 Monothelitas
975 711 1134 782 Sergii
1175 710 1433 782 epistolam
1476 711 1642 779 suisse3
1683 726 1712 762 a

218 798 325 867 pari
357 797 567 863 integra,
601 805 649 847 et
672 794 955 861 incorrupta
986 790 1077 841 erit
1106 786 1228 841 haec
1256 787 1417 856 Sergii
1446 787 1505 839 ad
1529 789 1714 843 Hono-

222 874 352 925 rium
390 870 615 941 epistola,
658 868 790 937 quod
832 885 894 919 cx
938 863 1164 918 archivio
1205 862 1440 916 ecclesiae
1492 863 1714 936 Cptanae

219 948 363 1001 multi
386 947 578 1000 codices
602 944 731 996 allati
759 945 857 996 sint
885 943 1092 995 omnino
1117 939 1294 1008 integri
1338 949 1387 991 et
1414 940 1733 1012 incorruptis

297 1024 533 1075 Ulterius.
580 1022 630 1073 Si
691 1019 950 1089 corruptio
1010 1029 1058 1071 et
1123 1015 1440 1086 interpolatio
1501 1018 1716 1071 aliorum

218 1100 472 1168 codicum,
520 1097 784 1150 collatione
818 1097 1054 1164 instituta,
1097 1093 1284 1146 detecta
1314 1110 1340 1144 a
1371 1094 1598 1147 Patribus
1623 1093 1713 1146 vl.

219 1176 412 1246 Synodi
476 1174 564 1226 suit
594 1213 610 1240 ‚
670 1189 784 1226 cum
845 1189 965 1226 vero
1024 1169 1229 1241 epistola
1270 1165 1430 1238 Sergii
1474 1169 1596 1224 lecta
1654 1187 1718 1224 ex

225 1244 430 1303 Macarii
491 1250 660 1303 codice
720 1248 1028 1302 conferretur
1066 1263 1181 1299 cum
1221 1257 1413 1314 regesto
1462 1246 1719 1299 authenti-

226 1335 286 1380 co
326 1319 661 1397 Epistularum
721 1325 879 1394 Sergii
922 1324 1071 1395 ipsius
1100 1363 1116 1393 ‚
1157 1322 1290 1398 quod
1349 1339 1412 1374 ex
1476 1323 1718 1377 Archivio

226 1401 547 1456 Patriarchae
619 1402 668 1454 in
734 1402 899 1454 aulam
958 1400 1292 1454 Conciliarem
1352 1397 1574 1453 delatum
1628 1399 1720 1453 suit

229 1480 451 1548 ipsorum
511 1479 714 1530 Patrum
770 1477 931 1547 jussu,
992 1476 1157 1530 nullus
1220 1475 1324 1529 sive
1384 1475 1445 1528 de
1505 1471 1718 1542 fraude,

224 1555 333 1609 sive
371 1555 431 1607 de
460 1550 464 1554 ⁴
489 1549 812 1625 ‘corruptione
851 1562 1049 1624 questus
1086 1563 1158 1605 est
1194 1589 1209 1619 ‚
1272 1567 1440 1605 nonne
1498 1554 1739 1624 sequitur*

227 1628 360 1683 hanc
425 1630 583 1700 Sergii
650 1630 711 1683 ad
773 1629 1059 1683 Honorium
1130 1627 1407 1700 Epistolam
1474 1629 1746 1700 integram·

234 1707 673 1777 incorruptamque
720 1699 927 1760 omnino
970 1702 1174 1759 suisse‘?
1213 1705 1290 1770 Si,
1333 1705 1537 1775 inquam
1561 1746 1578 1778 ‚
1611 1707 1725 1778 quis

233 1783 300 1835 ita
341 1793 691 1852 argumentum
739 1792 1070 1852 retorqueret,
1112 1782 1233 1852 quid
1261 1783 1562 1852 respondere
1602 1800 1724 1854 pos-

229 1868 340 1911 sent
382 1859 464 1929 qui
504 1857 880 1929 corruptionem
923 1857 1159 1929 epistolae
1183 1856 1333 1927 hujus
1365 1854 1723 1929 propugnant?

232 1934 459 1989 ‘Fortasse
498 1952 577 1991 ne,
621 1935 754 1987 illam
795 1936 1054 2006 epistolam
1089 1935 1196 2005 jam
1225 1934 1369 1986 fuisse
1409 1935 1756 2007 corruptam-s

232 2021 381 2079 atque
425 2010 701 2063 Macarium
742 2028 804 2065 ex
843 2010 1083 2064 Archivio
1123 2009 1444 2064 Patriarchae
1487 2014 1536 2065 in
1575 2029 1723 2067 suum

230 2086 456 2140 codicem
498 2087 793 2157 Imperatori
849 2087 1072 2141 oblatum
1125 2088 1190 2141 ita
1237 2085 1632 2160 transcripsisse?
1659 2093 1725 2144 At

241 2162 486 2232 imprimis
514 2161 611 2216 hoc
638 2164 797 2232 ipsum
820 2175 942 2219 esset
970 2166 1030 2217 ab
1064 2164 1358 2219 adversariis
1385 2166 1718 2236 probandum.

234 2237 335 2291 'Sed
374 2248 496 2292 esto.
541 2238 818 2293 Difficultas
876 2252 1066 2294 manet.
1127 2240 1398 2306 Quomodo
1437 2243 1723 2297 enim'fieri

236 2315 418 2384 potuit,
458 2323 511 2366 ut
551 2315 805 2385 corruptio
849 2316 928 2370 illa
960 2334 1059 2370 non
1090 2317 1579 2387 deprehenderetur.
1608 2336 1726 2374 cum

236 2389 448 2449 aliorum
476 2392 771 2460 scriptorum
795 2392 1104 2463 deprehensa
1127 2390 1221 2446 sit?
1254 2395 1483 2449 Fortasse
1524 2415 1586 2450 ne
1617 2398 1726 2449 uni-

235 2480 350 2517 curn
372 2467 625 2537 exemplar
645 2468 964 2537 epistolarum
988 2471 1147 2539 Sergii
1172 2470 1444 2526 existebat?
1463 2474 1538 2526 De
1559 2485 1725 2527 cetero

238 2557 352 2592 cum
382 2542 636 2612 exemplar
663 2544 866 2603 allatum
896 2563 957 2598 ex
978 2545 1219 2600 Archivio
1246 2548 1308 2600 ad
1338 2550 1509 2603 Patres
1542 2549 1729 2603 Conci-

237 2615 291 2666 tii
333 2618 537 2670 omnino
585 2618 923 2674 authenticum
965 2623 1181 2689 dicatur,
1216 2633 1270 2675 ut
1308 2642 1371 2678 ex
1409 2644 1557 2696 supra
1599 2627 1730 2679 cita-

241 2690 302 2743 tis
342 2693 650 2747 documentis
690 2707 842 2766 patet,
885 2698 1148 2752 difficultas
1189 2700 1302 2752 ruit.
1343 2704 1406 2754 Αῑ
1434 2701 1532 2755 hoc
1573 2721 1726 2773 prae-
1775 2739 1777 2741 -

244 2768 487 2822 tern‘iisso:
539 2770 616 2825 xcl
647 2771 835 2842 integra
896 2775 1056 2845 Sergii
1119 2776 1341 2846 Epistola
1396 2780 1446 2832 in
1505 2774 1728 2850 >Regesto
