1780 3038
689 171 765 184 ...-
803 147 872 201 45
916 175 990 186 ..-

88 220 341 292 supposita
377 220 495 282 fuit.
535 220 720 278 seilicet
745 260 761 290 ‚
803 223 1063 295 exemplar
1122 220 1469 285 authenticum¹
1504 239 1593 276 su·-

87 298 282 352 blatum
320 297 544 367 quidem,
587 309 635 351 et
695 295 1047 373 apographum
1100 299 1456 367 substitutum3
1497 301 1579 352 vel

91 374 258 427 addita
299 374 536 444 epistolae
576 376 825 444 genuinae
887 397 942 431 ea
1004 376 1173 430 omnia
1233 393 1361 445 quae
1422 377 1589 429 addita

90 451 435 504 traducuntur.
478 451 529 503 Si
591 451 687 506 hoe
748 466 1098 524 postremum:
1165 452 1419 522 quomodo
1488 470 1591 505 non

89 527 306 580 innotuit
345 529 601 598 corruptio
628 565 643 596 ,
687 545 802 583 eum
833 532 1110 585 additiones
1143 547 1317 583 omnes
1341 531 1400 582 ad
1444 546 1587 582 mar—-

87 602 260 673 ginem
300 604 406 657 fieri
449 604 788 659 debuissent?
832 607 1177 680 (impossibile
1217 607 1352 659 enim
1392 618 1498 660 erat
1539 606 1590 658 in

83 694 300 750 corpore
343 680 581 751 epistolae
621 685 874 752 genuinae
914 703 971 738 ea
1014 685 1186 737 omnia
1216 684 1433 737 seribere
1461 699 1590 753 quae

88 756 253 810 addita
294 767 533 828 putantur
562 799 579 826 ‚
621 776 737 812 eum
778 762 1056 815 additiones
1087 797 1103 827 ‚
1148 770 1200 813 ut
1240 760 1345 812 dixi
1379 797 1396 826 ‚
1438 759 1589 830 triplo

0 871 11 890 .
88 833 303 903 majores
340 833 547 903 epistola
588 832 874 891 authentica
920 835 1170 911 essent‚)
1214 837 1471 907 quomodo
1523 836 1590 888 li·-

85 919 307 984 terarum
349 910 564 980 liguram
604 914 727 967 adeo
771 915 955 968 imitari
999 924 1266 985 corruptor
1312 914 1493 984 potuit,
1536 923 1590 966 ut

86 1003 249 1057 neque
294 988 628 1058 suspicionem
670 991 911 1046 admissae
973 991 1162 1045 fraudis
1223 986 1590 1061 relinqueret?

86 1073 137 1116 et
173 1065 427 1134 quomodo
482 1077 646 1137 patres
683 1067 857 1122 saltem
900 1069 1130 1122 fraudem
1191 1068 1420 1137 suspicati
1485 1084 1590 1120 non

87 1151 222 1206 sunt,
263 1158 379 1193 cum
421 1152 513 1208 tot,
557 1151 791 1214 tantaque
833 1146 1003 1198 addita
1046 1139 1338 1198 viderent?
1381 1145 1431 1196 Si
1480 1143 1592 1214 pri-

84 1232 248 1284 mum3
293 1218 338 1270 id
378 1229 470 1285 est,
492 1219 531 1271 si
574 1219 983 1293 authographum
1023 1222 1226 1291 quidem
1274 1219 1523 1273 sublatum
1563 1238 1592 1273 e

91 1293 308 1363 Regesto
351 1293 462 1361 suit,
501 1297 820 1350 substitutum
862 1317 983 1353 vero
1026 1294 1418 1369 apographum3
1457 1313 1589 1367 quo—

89 1370 239 1423 modo
282 1370 331 1424 id
370 1385 851 1443 non-cognoverunt
877 1394 939 1429 ex
970 1376 1220 1442 numeriS‚
1252 1376 1434 1445 quibus
1461 1391 1590 1444 qua-

86 1449 338 1501 terniones
375 1450 606 1503 eodieum
637 1450 1065 1507 numerabantur?
1095 1453 1412 1524 Impossibile
1441 1451 1578 1504 enim

81 1534 210 1590 erat,
252 1535 304 1577 ut
346 1528 544 1579 numeri
587 1529 968 1598 responderent,
1032 1547 1148 1583 eum
1214 1539 1283 1583 tot
1323 1547 1381 1583 ae
1442 1538 1575 1580 tanta

82 1601 332 1668 genuinae
371 1603 609 1674 epistolae
651 1604 813 1675 Sergii
856 1607 1020 1660 addita
1064 1607 1287 1672 suerint,
1328 1618 1388 1659 ut
1428 1622 1587 1658 unum

80 1675 355 1731 foliumea
397 1697 577 1752 capere
616 1693 749 1735 certe
792 1701 891 1737 non
935 1695 1118 1755 posset3
1149 1680 1223 1755 (l)
1252 1700 1367 1736 eum
1400 1701 1428 1737 e
1470 1699 1589 1735 eon·

83 1764 157 1807 tra
198 1755 405 1826 epistola
448 1758 666 1828 genuina
708 1759 869 1829 Sergii
913 1762 1037 1814 adeo
1079 1761 1245 1813 brevis
1287 1760 1475 1826 suisset,
1533 1770 1586 1811 ut

77 1830 199 1884 duas
238 1834 446 1903 paginas
485 1852 586 1888 non
627 1836 929 1902 excederet,
989 1839 1027 1891 si
1071 1839 1276 1890 deerant
1302 1855 1361 1890 ea
1392 1836 1587 1901 omnia,

77 1923 205 1976 quae
244 1909 457 1963 defuisse
497 1912 765 1966 arbitratur
805 1914 995 1968 Remus
1037 1913 1327 1968 Feltriensis
1368 1914 1587 1985 Episco-

77 1998 185 2054 pus,
230 1984 292 2038 Et
333 1984 455 2062 hoe,¹
494 2000 548 2042 ut
589 1988 683 2042 alia
729 1991 909 2044 indicia
953 2002 1265 2061 praeteream
1301 2027 1316 2055 ‚
1358 2008 1419 2043 ex
1462 1991 1585 2061 qui-

77 2060 169 2113 bus
229 2061 361 2116 fraus
400 2065 652 2135 quaelibet
713 2067 762 2119 in
827 2067 1145 2138 dijudicanda
1211 2068 1440 2121 codicum
1505 2068 1587 2118 in-

79 2137 307 2208 tegritate
373 2152 422 2194 et
487 2144 796 2212 genuinitate
863 2147 1097 2198 omnibus
1158 2156 1353 2215 praesto
1420 2154 1581 2210 suntg,

77 2217 343 2287 praecipue
384 2235 499 2271 eum
540 2237 599 2273 ex
664 2221 883 2274 instituto
910 2260 926 2287 .,
986 2233 1033 2276 et
1094 2222 1262 2275 sedula
1305 2222 1583 2274 attentione

75 2291 145 2344 de'
188 2310 240 2346 re
299 2296 572 2364 quaeritur.
617 2299 680 2349 At
720 2297 999 2369 Georgium
1060 2298 1582 2367 Constantinopolita—

75 2382 201 2421 num
241 2369 524 2425 Antistitem
567 2375 726 2427 modis
765 2377 999 2430 omnibus
1038 2377 1304 2429 certiorem
1338 2375 1443 2427 lieri
1490 2391 1579 2427 vo-

74 2441 223 2499 luisse
263 2447 324 2501 de
367 2449 436 2502 rei
478 2451 711 2522 veritate,
753 2464 800 2505 et
843 2455 976 2507 idem
1019 2454 1080 2506 de
1121 2454 1297 2505 ceteris
1349 2451 1586 2503 Patribus

129 2594 184 2652 (1)
214 2595 387 2656 Epistola
419 2599 563 2658 Sergii,
598 2602 751 2660 qualem
782 2617 885 2649 nunc
917 2620 1002 2649 eam
1034 2603 1239 2655 habemus,
1274 2611 1314 2646 et
1346 2601 1478 2660 qualis
1519 2600 1582 2644 le-

73 2659 135 2718 ⁰.‘³
167 2665 226 2700 est
256 2657 347 2701 Act.
382 2657 480 2710 Xll,
511 2660 692 2705 Concilii.
719 2662 785 2706 Vl.
820 2666 978 2708 excedit
1009 2673 1173 2721 quatuor
1204 2662 1403 2705 columnas
1428 2663 1466 2704 in
1511 2661 1570 2704 so-

56 2708 140 2772 pho,
173 2723 216 2757 ut
244 2715 381 2760 videre
411 2726 472 2762 est
515 2721 618 2778 apud
652 2720 774 2765 Labb.
809 2724 975 2768 Collect.
1021 2722 1172 2768 Concil.
1219 2720 1317 2764 edit.
1352 2720 1425 2772 cit,·
1458 2718 1575 2778 cujas

26 2822 28 2824 ¹
70 2771 320 2819 characteres
341 2774 486 2822 deinde
518 2779 655 2824 minuti
686 2789 775 2823 suut
806 2783 950 2842 potius,
987 2796 1101 2840 quam
1135 2779 1327 2838 grandes.
