1780 3038
88 196 153 237 ne
193 190 277 236 aut
314 179 436 234 duas
473 195 709 251 personas
741 181 790 233 in
813 181 1010 236 Christo
1032 178 1445 235 Nestorianorum
1469 177 1592 234 reli-

83 258 232 328 quiae
257 259 450 310 ·iterum
490 256 835 323 defenderent,
859 268 943 310 aut
970 256 1272 328 Eutychiani
1303 272 1455 308 unam
1487 274 1590 308 na-

87 344 271 388 turam:
296 328 526 389 Parvuli
545 341 638 387 aut
664 330 897 387 duarum
926 331 1293 407 operationum
1332 329 1593 386 vocabulo

84 406 295 484 offensi,
335 416 582 464 sectantes
620 407 962 464 Nestorianos
1000 429 1094 464 nos
1153 426 1350 463 vesana
1407 427 1592 482 sapere

83 482 454 552 arbitrentur3
486 493 579 540 aut
619 494 751 540 certe
790 483 837 539 si
873 484 1038 540 unam
1080 482 1463 559 operationem.
1510 523 1526 538 .
1570 524 1585 538 .

82 558 356 636 fatendam
395 580 497 617 esse
547 559 924 630 censuerimuS,
971 561 1190 616 stultam
1242 557 1588 631 Eutyche‘anis

82 645 265 692 tarum
302 634 622 692 dementiam
654 677 690 692 ..
732 635 897 712 fateri
931 647 1199 712 putemur.
1246 637 1459 691 Volebat
1487 638 1589 708 igi-

82 712 338 768 Honorius
378 715 623 784 integram
682 715 972 785 salvamque
1012 715 1283 769 consistere
1323 715 1477 769 fidem
1525 716 1588 768 de

83 790 276 844 duabus
314 791 504 845 naturis
545 791 593 844 in
635 792 823 845 unitate
863 792 1067 845 divinae
1110 808 1393 861 personae,
1436 802 1489 844 ut
1530 791 1582 844 in

0 859 2 875 ’
77 868 272 938 synodo
335 866 729 922 Chalcedonensi
772 868 932 921 luerat
971 867 1261 934 delinitum3
1302 878 1351 921 et
1398 884 1586 921 conse-

78 955 292 1014 quenter
350 944 552 1000 volebat
610 955 663 998 ut
702 962 877 999 omnes
920 944 1071 999 sidem
1121 943 1356 998 eamdem
1421 945 1587 1015 proli-

0 1027 18 1090 ’ξ
80 1031 354 1075 terentur.>
396 1037 421 1072 »

0 1094 19 1159 ,ξ
151 1100 315 1168 Atque
355 1096 473 1151 hinc
514 1096 702 1150 lactum
752 1097 1001 1167 videmus,
1044 1107 1099 1151 ut
1138 1096 1331 1150 etiamsi
1389 1113 1578 1150 mono-

0 1171 24 1214 ²*
78 1171 284 1228 thelitae
323 1175 420 1228 alia
461 1173 629 1244 aliqua
669 1174 885 1228 Honorii
908 1174 1149 1228 sententia
1192 1173 1332 1226 abusi
1392 1174 1492 1226 sint
1519 1174 1583 1227 ad

6 1220 23 1294 3
77 1247 328 1304 haeresim
376 1269 518 1304 suam
563 1250 951 1317 defendendam,
995 1266 1275 1321 numquam
1298 1260 1463 1304 tamen
1504 1251 1583 1302 ci·-

4 1354 21 1486 ξ

77 1337 175 1381 tata
219 1327 334 1381 fidei
374 1327 683 1399 professione
723 1328 860 1381 abusi
903 1338 1043 1394 sunt3
1092 1328 1226 1398 quod
1278 1338 1412 1381 certe
1465 1344 1580 1379 eam

10 1443 34 1455 ,,
74 1414 273 1458 nossent
309 1420 605 1468 consonam,
651 1403 752 1459 imo
795 1404 1061 1457 identicam
1101 1421 1217 1457 eum
1242 1404 1341 1457 fide
1366 1403 1580 1457 Concilii

0 1475 17 1542 ,Ξ
71 1479 510 1548 Chalcedonensis,
533 1498 683 1551 quam
723 1492 773 1535 et
813 1482 902 1553 ipsi
944 1481 1333 1552 profitebantur,
1376 1479 1454 1535 vel
1475 1480 1579 1533 sal-

0 1559 14 1619 &j
73 1567 174 1612 tem
216 1558 438 1629 profiteri
494 1558 742 1612 dicebant.

0 1689 1 1711 ἶ
147 1634 213 1688 Et
249 1635 452 1706 quidem
494 1634 858 1706 praetermitto,
899 1651 964 1688 ne
1004 1633 1248 1706 prolixior
1287 1635 1404 1699 sim,
1452 1649 1578 1704 pro-

71 1710 334 1765 fessionem
376 1712 491 1765 fidei
532 1730 560 1764 a
602 1711 655 1767 S.
699 1712 917 1765 Martino
992 1712 1177 1765 editam
1239 1713 1290 1764 in
1349 1710 1576 1764 Concilio

69 1787 393 1842 Laterauensi
427 1788 614 1841 Secret.
664 1788 738 1858 1.,
765 1788 813 1840 in
854 1804 951 1858 qua
991 1788 1053 1841 de
1101 1787 1298 1842 Christo
1359 1787 1577 1841 identice

68 1881 270 1937 prorsus
307 1882 424 1918 cum
463 1865 692 1919 Honorio
733 1862 857 1918 haec
895 1865 1031 1918 dicit.
1079 1887 1104 1920 «
1151 1865 1234 1919 Sic
1273 1865 1463 1919 etenim
1491 1864 1576 1915 di-

71 1958 98 1995 «
144 1943 259 1997 vina
298 1943 501 2013 quidem
561 1942 888 2013 corporaliter
934 1942 1243 2013 operabatur
1272 1977 1288 2009 ‚
1331 1958 1392 1994 eo
1435 1941 1573 2010 quod

71 2034 97 2070 α
142 2036 233 2090 per
277 2019 553 2073 animatam
597 2017 993 2072 intellectualiter
1032 2029 1255 2072 sanctam
1311 2020 1419 2071 eius
1457 2033 1575 2069 car-

70 2112 97 2147 α
143 2114 259 2150 nem
322 2094 447 2150 haec
505 2095 677 2149 omnia
737 2095 1061 2166 proferebat3
1120 2094 1344 2148 humana
1404 2104 1574 2147 autem

0 2166 1 2170 ¹
68 2190 95 2225 «
141 2173 444 2244 operabatur
482 2172 653 2225 divine
684 2207 701 2239 ,
742 2173 929 2244 quippe
993 2172 1235 2243 quoniam
1275 2170 1584 2246 potestative,

0 2308 1 2314 ¹
67 2265 94 2300 (ι
140 2247 384 2303 humanas
423 2249 674 2319 passiones
714 2266 805 2320 pro
845 2259 1012 2303 nostra
1050 2249 1229 2317 salute,
1270 2249 1376 2302 sine
1423 2246 1571 2318 culpa

0 2375 1 2378 ,
68 2342 95 2378 κ
139 2328 389 2397 suscipere
428 2326 748 2397 dignabatur.

138 2403 267 2457 Nolo
298 2414 463 2457 tamen
489 2403 882 2473 praetermittere
907 2400 1026 2455 illud
1049 2398 1568 2472 argumentum,quod

0 2475 2 2496 ¹
62 2480 258 2532 eruitur
295 2497 356 2532 ex
384 2481 602 2532 instituta
626 2480 1003 2550 comparatione
1044 2479 1172 2531 inter
1213 2479 1570 2548 professionem

39 2617 42 2618 7
65 2554 181 2610 fidei
205 2574 231 2609 a
255 2556 431 2626 Sergio
444 2557 698 2623 emissam,
721 2568 770 2609 et
793 2556 929 2608 illam
944 2572 1093 2623 quam
1123 2555 1185 2607 ab
1216 2554 1446 2608 Honorio
1466 2552 1571 2605 edi-

0 2640 2 2657 *
64 2641 164 2684 tam
209 2633 432 2700 recitavi.
486 2633 690 2703 Sergius
744 2634 908 2703 itaque
929 2631 1215 2685 confitetur:
1240 2649 1408 2685 unum
1428 2647 1568 2683 eum-

61 2704 277 2781 demque
304 2708 353 2765 F
352 2706 503 2765 ilium
533 2707 858 2783 uniqenilum
890 2706 1182 2764 Dominum
1212 2714 1453 2776 nostrum
1480 2702 1571 2784 Ie-j'
