1780 3038
250 242 366 295 litae
405 240 465 294 de
507 240 599 293 illis
640 237 803 292 verbis
842 238 1110 306 faciebant⁷
1154 234 1300 305 idque
1341 242 1568 287 constare
1617 247 1748 285 con-

247 318 400 372 'tendo
459 335 521 370 cx
580 317 685 386 ipso
749 315 801 366 S.
868 311 1093 369 Maximo
1124 349 1142 379 ‚
1207 311 1348 363 cuius
1404 308 1748 388 testimonium

251 396 330 449 vir
369 393 676 447 doctissimus
716 408 815 442 non
856 390 1111 459 expendit.
1155 387 1414 456 Siquidem
1467 387 1519 439 1.
1580 386 1751 439 Abbas

251 471 533 522 Anastasius
554 484 652 520 non
678 467 942 519 invenisset
964 465 1320 517 sacratissimos
1342 465 1475 516 viros
1499 460 1749 527 Ecclesiae

253 547 512 599 Romanae
533 543 753 596 dolentes
774 552 822 594 et
841 550 1152 607 excusantes9
1175 558 1260 592 seu
1290 539 1611 592 defendentes
1639 555 1751 592 sen-

253 639 361 674 sum
395 631 449 673 et
483 619 767 672 doctrinam
812 618 860 669 in
904 617 1125 687 Epistola
1173 616 1389 669 Honorii
1436 625 1751 684 contentam,

252 698 335 750 sed
364 710 563 766 prorsas
582 707 828 764 negantes
858 704 906 747 et
935 694 1201 746 irascentes
1222 693 1272 746 in
1298 691 1752 746 Monothelitarum

254 773 478 825 fraudem
518 782 566 824 et
608 771 997 842 impudentiam,
1038 770 1172 840 quod
1215 779 1349 831 tanta
1391 768 1550 822 moliti
1590 774 1757 830 essent

255 843 305 901 ln
328 851 489 919 ipsum
510 849 575 900 R.
605 849 861 902 Pontilicis
889 846 1203 916 rescriptum.
1236 847 1302 899 Et
1328 845 1584 916 quomodo
1606 861 1757 898 excu-

253 943 362 978 sare
399 942 450 977 se
486 934 760 994 poterant,
800 924 933 995 quod
974 923 1089 976 talia
1131 923 1181 974 in
1223 940 1284 976 eo
1327 922 1671 992 reperirentur
1714 921 1755 976 si

254 1019 407 1054 unam
449 1001 763 1055 voluntatem
803 1017 1082 1069 numquam
1124 999 1204 1052 vel
1246 997 1497 1069 dictasset,
1538 998 1619 1053 vel
1661 1016 1758 1070 ap-

257 1079 510 1148 probasset
549 1075 805 1131 Honorius
829 1115 847 1144 ‚
888 1076 967 1129 vel
1008 1076 1046 1128 si
1091 1075 1286 1148 ipsimet
1325 1076 1387 1128 de
1426 1093 1527 1128 una
1569 1074 1761 1130 volun-

257 1165 359 1208 tute
398 1155 606 1207 dicenda
635 1171 914 1224 numquam
942 1150 1274 1220 cogitassent?
1314 1151 1547 1206 Profecto
1585 1169 1639 1206 se
1665 1169 1762 1206 ex-

258 1247 430 1284 cusare
469 1231 738 1300 dehaliquo
778 1232 929 1297 sacto,
969 1240 1042 1282 cst
1083 1229 1196 1283 facti
1240 1230 1370 1283 illius
1418 1229 1763 1297 existentiam,

262 1303 556 1374 admittere}
586 1308 669 1377 qui
709 1309 850 1361 enim
888 1305 1012 1360 nihil
1057 1306 1171 1361 fecit
1210 1306 1271 1360 tle
1310 1323 1411 1377 quo
1458 1315 1717 1359 accusatur
1741 1342 1762 1373 ‚

260 1401 364 1436 non
405 1401 455 1436 se
492 1395 718 1451 excusat,
757 1385 842 1438 sed
885 1393 1055 1453 negat;
1097 1391 1246 1454 atque
1268 1384 1364 1439 viri
1408 1383 1476 1435 illi
1506 1383 1568 1436 de
1594 1393 1761 1437 cetero

265 1462 327 1512 ab
368 1461 503 1513 omni
545 1460 769 1514 criminis
798 1461 1127 1532 imputatione
1143 1461 1301 1514 etiarn
1326 1460 1615 1513 Honorium
1636 1476 1767 1529 pur-2

261 1547 455 1605 gassent
483 1548 587 1590 tum
615 1538 746 1607 apud
775 1537 1089 1590 Anastasium
1114 1538 1347 1591 abbatem
1371 1554 1478 1589 rem
1505 1537 1766 1589 sciscitan-

263 1624 386 1679 tem,
410 1624 514 1666 tum
544 1614 674 1684 apud
699 1615 990 1670 universum
1018 1614 1324 1667 catholicum
1349 1614 1548 1681 orbem>
1583 1614 1632 1673 in
1655 1630 1767 1667 me-

265 1690 405 1741 dium
432 1691 751 1760 producendo
792 1691 1050 1761 exemplar
1090 1691 1329 1763 epistolae
1359 1690 1510 1761 ipsius
1539 1731 1557 1761 ‚
1588 1691 1637 1743 in
1665 1707 1766 1763 qua

271 1766 456 1819 deesset
495 1775 547 1820 to
586 1786 693 1821 mm
718 1805 734 1833 ‚
776 1769 911 1837 quod
952 1768 1201 1821 adiectum
1241 1786 1268 1821 a
1307 1766 1650 1822 monothelitis
1687 1768 1768 1822 af-

266 1843 431 1895 firmat
470 1843 783 1896 Mamachius
821 1862 882 1897 ex
922 1845 1083 1898 citatis
1122 1845 1175 1897 S.
1208 1844 1415 1899 Maximi
1448 1845 1631 1899 verbis·
1662 1846 1770 1899 Ne-

266 1936 363 1988 que
401 1920 446 1973 ci
486 1919 725 1973 ullimode
766 1921 1055 1975 adiumento
1096 1928 1212 1975 sunt
1239 1939 1367 1992 quae
1394 1921 1446 1973 S.
1486 1922 1682 1994 Martyr
1707 1923 1771 1975 de

265 1996 468 2048 loannis
490 1996 734 2067 Symponi
760 1998 1096 2053 affirmatione
1118 1999 1292 2065 refert,
1313 2015 1428 2051 cum
1450 1999 1604 2050 etiam
1626 1999 1773 2055 eade

272 2071 391 2124 salsa
433 2073 843 2143 interpretatione
881 2076 1131 2128 dictorum
1161 2077 1435 2129 verborum
1473 2092 1563 2145 per
1585 2092 1772 2130 mono-

269 2146 484 2218 thelitaS,
513 2161 687 2223 et'non
717 2151 778 2204 de
810 2152 1196 2222 interpolatione
1224 2159 1276 2207 to
1304 2170 1413 2205 una
1447 2150 1771 2222 intelligenda

270 2236 403 2276 sunt.
446 2224 705 2295 Siquidem
745 2228 866 2280 dum
924 2230 1065 2283 dicit:
1112 2247 1164 2282 se
1203 2225 1350 2283 nullo
1395 2224 1553 2282 modo
1599 2226 1658 2284 in
1707 2247 1773 2284 ea

272 2298 668 2375 (epistol'a)per
692 2323 974 2359 mamertem
1025 2301 1339 2360 memnonem
1389 2297 1567 2378 fecisse
1612 2302 1775 2361 unius

272 2396 492 2449 prorsus
529 2376 844 2448 voluntati-³3
873 2382 981 2436 vult
1004 2382 1304 2452 intelligere,
1347 2399 1399 2435 se
1427 2381 1489 2434 de
1513 2383 1686 2436 divina
1723 2393 1775 2436 et

274 2451 490 2507 humana
515 2453 695 2508 Christi
721 2457 978 2511 voluntate
996 2475 1150 2511 unam
1174 2475 1290 2512 cum
1313 2458 1659 2513 monothelitis
1676 2477 1776 2516 vo-

271 2528 514 2591 luntatem
545 2549 644 2584 non
676 2533 864 2602 secisse3
904 2552 1006 2588 non
1035 2535 1168 2605 quod
1239 2554 1406 2590 unam
1454 2534 1777 2591 voluntalem

275 2623 378 2657 non
436 2609 726 2678 scripserit,
786 2622 1043 2682 acceptam
1103 2629 1196 2682 pro
1263 2612 1522 2667 voluntate
1587 2612 1778 2667 huma-

279 2698 363 2746 na3
392 2683 635 2752 siquidem
652 2686 707 2737 in
737 2703 853 2739 casu
895 2705 1014 2742 vere
1054 2688 1347 2743 affirmasset
1372 2708 1425 2743 se
1470 2708 1779 2762 pernume-

280 2774 402 2811 rum
446 2757 756 2817 mentionem
805 2761 947 2819 nullo
987 2761 1142 2820 tuedo
1180 2762 1362 2840 {cci-'sse
1410 2763 1569 2822 ‘centius
1611 2785 1780 2841 pror-
