1780 3038
113 249 388 303 numquam
427 232 646 286 Romani
701 235 968 291 Pontifices
1006 242 1060 286 ut
1094 220 1323 318 privatae
1365 246 1606 302 personae

113 311 295 379 serant,
334 309 418 361 sed
459 319 512 361 ut
554 310 740 364 iudices
778 322 827 364 et
866 312 1091 364 Pastores
1129 309 1348 381 supremi
1375 311 1607 364 omnium

109 381 467 439 Ecclesiarum.
519 385 776 457 Siquidem
817 386 1160 442 huiuscemodi
1206 387 1400 440 decreta
1426 403 1517 457 per
1555 403 1607 439 sc

110 462 455 516 auctoritatem
495 462 682 515 dieunt.

262 535 338 590 3⁰.
384 537 660 593 Universae
699 539 942 593 Orientali
1011 538 1262 593 Ecclesiae
1312 539 1610 594 mandatut

107 625 335 669 servetur
392 617 523 668 cirea
586 622 935 688 operationum
977 616 1279 671 vocabulum
1331 614 1608 686 silentium,

107 702 158 760 et
199 691 386 750 interea
426 702 479 744 ut
519 709 694 747 omnes
733 694 1064 765 profiteantur
1117 693 1268 745 sidem
1326 691 1610 746 Chalcedo-

107 784 334 826 nensem.
396 765 688 824 Scribentcs
733 767 894 825 etiam
941 765 1304 824 communibus
1349 765 1612 843 fratribus

109 841 248 914 Cyro
294 851 342 898 et
386 842 688 917 Sopltrom‘o
736 842 1090 916 Anlt'stt'tibzt3‚
1138 863 1200 900 ne
1240 864 1404 900 novae
1447 842 1609 917 vecie,

104 918 259 986 idest
285 918 444 994 unius
480 926 571 979 vel,
593 920 829 994 {Jemt'nac
850 918 1168 996 operationis
1188 919 1436 976 vocabulo
1476 919 1611 976 insi-

91 1005 236 1067 atere
280 994 362 1051 vel
387 994 675 1053 immorari
710 997 1010 1067 videantur}
1061 995 1211 1053 sed...
1254 1017 1421 1053 ‘tatum
1450 995 1614 1054 Chri-

103 1083 242 1128 stum
266 1072 559 1129 Domi-num
581 1072 848 1131 nobiseum
869 1074 926 1131 in
947 1073 1179 1146 atrisque
1197 1073 1407 1129 natur-is
1427 1071 1613 1135 divina

104 1147 183 1204 vel
210 1148 450 1206 littmana
472 1149 779 1225 praedicent
823 1160 1145 1226 operantem.
1193 1150 1289 1222 Ep.
1341 1154 1394 1203 2.
1438 1152 1614 1222 Neque

103 1227 449 1281 difficultatem
491 1229 704 1297 facessit,
746 1231 879 1300 quod
936 1234 985 1284 in
1018 1230 1180 1301 prima
1229 1227 1438 1299 epistola
1488 1226 1615 1282 haec

92 1305 257 1371 'verba
287 1304 470 1371 desine
499 1323 618 1358 nam
642 1307 908 1378 respondet
937 1306 1118 1377 Sergio
1159 1304 1488 1374 interroganti
1521 1322 1614 1375 pro

102 1382 349 1436 universis
399 1381 655 1449 Ecclesiis,
714 1385 762 1436 in
820 1384 1001 1454 quibus
1063 1383 1146 1436 illa
1195 1383 1419 1451 quaestio
1460 1381 1615 1435 esser-

101 1458 299 1525 buerat3
340 1457 425 1527 qui
474 1459 711 1532 deinceps
759 1471 812 1513 ut
842 1478 1007 1515 novae
1052 1461 1250 1514 Romae
1292 1457 1487 1528 praesul
1520 1476 1616 1512 au-

101 1536 383 1588 ctoritatem
424 1538 690 1590 exercebat
745 1538 796 1589 in
848 1539 1105 1591 universas
1163 1536 1385 1590 Orientis
1434 1535 1616 1590 Eccle-

9 1607 12 1611 ’
94 1611 218 1678 sitm,
267 1629 328 1665 ex
369 1628 469 1681 quo
525 1630 710 1668 nomen
766 1614 857 1666 sibi
913 1616 1134 1686 primum
1200 1609 1614 1666 Patriarcharum

102 1688 544 1742 oecumenicorum
586 1691 762 1762 Cptani
798 1692 1028 1762 Episcopi
1057 1691 1147 1743 sibi
1190 1699 1616 1758 art‘ogat’un13at-

101 1782 199 1835 que
251 1766 313 1823 de
342 1776 531 1832 cetero,
574 1767 734 1838 Cyrus
776 1768 837 1820 ad
894 1768 1055 1837 Sergii
1098 1766 1411 1821 voluntatem
1441 1766 1615 1818 omni-

102 1859 169 1895 no
215 1859 320 1896 sese
344 1846 726 1898 accommodare
755 1845 974 1905 dicebat,
1024 1845 1151 1897 sicut
1206 1855 1253 1896 et
1295 1841 1615 1913 Sophronias

102 1919 335 1985 dixerat3
380 1919 438 1970 ad
480 1937 630 1990 quem
672 1938 764 1976 nec
803 1923 1019 1975 scribere
1079 1921 1337 1975 Honorius
1378 1928 1615 1991 poterat,

102 2012 219 2053 cum
259 1997 365 2048 eius
406 1995 682 2067 Synodieas
721 1998 955 2070 epistolas
996 1998 1222 2050 nondum
1249 1997 1534 2066 accepisset.

254 2070 332 2125 ⁴4⁰.
377 2071 434 2122 ln
476 2076 691 2128 secunda
734 2075 944 2146 epistola
989 2074 1285 2145 professioni
1330 2073 1443 2126 fidei
1487 2090 1514 2125 a
1556 2071 1608 2124 S.

100 2147 273 2202 Leone
313 2148 502 2218 Magno
531 2153 759 2219 emissae,
802 2163 850 2205 et
880 2154 928 2204 in
960 2151 1186 2205 Concilio
1216 2148 1612 2203 Chalcedonensi

99 2236 330 2295 receptae
374 2226 508 2280 addit
550 2246 726 2282 vocem
767 2227 1108 2300 operatrices3
1153 2229 1363 2297 ideoque
1403 2225 1612 2295 exponit

100 2319 299 2355 sensum
358 2302 699 2372 dogmaticum
762 2306 890 2358 illius
930 2306 1230 2369 sententiae,
1282 2315 1428 2374 atque
1460 2318 1612 2371 prae-

99 2379 220 2449 cipit
260 2390 313 2431 ut
354 2395 528 2435 omnes
572 2383 636 2436 ita
680 2383 987 2448 credant3at
1017 2383 1062 2434 id
1107 2384 1332 2452 privatae
1361 2395 1610 2451 personae

99 2473 201 2509 non
244 2455 478 2509 licuisset.
713 2449 721 2463 ’

252 2531 330 2586 5⁰.
359 2532 489 2596 Quia
533 2536 841 2590 voluntatem
890 2534 1165 2587 humanam
1193 2532 1374 2586 Christi
1404 2530 1613 2585 omnino

99 2611 301 2666 divinae
340 2610 654 2666 conformem
694 2613 852 2679 dicit,
916 2612 1210 2682 praedicat,
1281 2619 1329 2662 et
1396 2609 1612 2661 activam

99 2687 328 2747 adstruit,
373 2689 690 2760 exelttditque
731 2690 792 2743 de
820 2699 985 2742 cetero
1016 2685 1426 2758 repugnantiam,
1456 2702 1612 2755 quam

102 2767 230 2821 inter
292 2763 401 2814 'illas
486 2765 690 2837 Sergius
754 2765 1139 2832 introducebat,
1206 2774 1465 2835 peccatum
1533 2761 1616 2814 in-
