<?xml version="1.0" encoding="UTF-8"?>
<!DOCTYPE html PUBLIC "-//W3C//DTD XHTML 1.0 Transitional//EN"
    "http://www.w3.org/TR/xhtml1/DTD/xhtml1-transitional.dtd">
<html xmlns="http://www.w3.org/1999/xhtml" xml:lang="en" lang="en">
 <head>
  <title>
</title>
<meta http-equiv="Content-Type" content="text/html;charset=utf-8" />
  <meta name='ocr-system' content='tesseract 3.04.00' />
  <meta name='ocr-capabilities' content='ocr_page ocr_carea ocr_par ocr_line ocrx_word'/>
</head>
<body>
  <div class='ocr_page' id='page_1' title='image "a603242300pennuoft_0025.png"; bbox 0 0 1780 3038; ppageno 0'>
   <div class='ocr_carea' id='block_1_1' title="bbox 125 187 1646 2716">
    <p class='ocr_par' dir='ltr' id='par_1_1' title="bbox 125 187 1634 1178">
     <span class='ocr_line' id='line_1_1' title="bbox 282 187 1630 260; baseline 0.001 -20"><span class='ocrx_word' id='word_1_1' title='bbox 282 188 348 240; x_wconf 82' lang='lat'>13</span> <span class='ocrx_word' id='word_1_2' title='bbox 392 206 419 241; x_wconf 67' lang='grc' dir='ltr'><strong><em>κ</em></strong></span> <span class='ocrx_word' id='word_1_3' title='bbox 465 189 555 241; x_wconf 85' lang='lat' dir='ltr'>His</span> <span class='ocrx_word' id='word_1_4' title='bbox 615 187 765 257; x_wconf 83' lang='lat' dir='ltr'>igitur</span> <span class='ocrx_word' id='word_1_5' title='bbox 803 187 1036 240; x_wconf 86' lang='lat' dir='ltr'>omnibus</span> <span class='ocrx_word' id='word_1_6' title='bbox 1104 187 1352 258; x_wconf 85' lang='lat' dir='ltr'>principio</span> <span class='ocrx_word' id='word_1_7' title='bbox 1395 188 1458 240; x_wconf 83' lang='lat' dir='ltr'>ita</span> <span class='ocrx_word' id='word_1_8' title='bbox 1502 205 1630 260; x_wconf 86' lang='lat' dir='ltr'>pro-</span> 
     </span>
     <span class='ocr_line' id='line_1_2' title="bbox 127 262 1627 331; baseline 0 -15"><span class='ocrx_word' id='word_1_9' title='bbox 127 281 155 316; x_wconf 78' lang='grc' dir='ltr'>α</span> <span class='ocrx_word' id='word_1_10' title='bbox 200 264 534 331; x_wconf 83' lang='lat' dir='ltr'>venientibus,</span> <span class='ocrx_word' id='word_1_11' title='bbox 575 264 871 318; x_wconf 74' lang='lat' dir='ltr'>rationabile</span> <span class='ocrx_word' id='word_1_12' title='bbox 908 262 1054 316; x_wconf 91' lang='lat' dir='ltr'>simul</span> <span class='ocrx_word' id='word_1_13' title='bbox 1090 276 1138 316; x_wconf 86' lang='lat' dir='ltr'>et</span> <span class='ocrx_word' id='word_1_14' title='bbox 1167 264 1504 317; x_wconf 86' lang='lat' dir='ltr'>necessarium.</span> <span class='ocrx_word' id='word_1_15' title='bbox 1545 266 1627 316; x_wconf 86' lang='lat' dir='ltr'>iu-</span> 
     </span>
     <span class='ocr_line' id='line_1_3' title="bbox 128 336 1627 411; baseline 0.001 -19"><span class='ocrx_word' id='word_1_16' title='bbox 128 359 154 392; x_wconf 91' lang='lat'>«</span> <span class='ocrx_word' id='word_1_17' title='bbox 198 341 474 394; x_wconf 77' lang='lat' dir='ltr'><strong>dicavimus</strong></span> <span class='ocrx_word' id='word_1_18' title='bbox 513 341 574 394; x_wconf 87' lang='lat' dir='ltr'>de</span> <span class='ocrx_word' id='word_1_19' title='bbox 614 339 712 411; x_wconf 22' lang='lat' dir='ltr'>hvis,</span> <span class='ocrx_word' id='word_1_20' title='bbox 753 358 881 410; x_wconf 89' lang='lat' dir='ltr'>quae</span> <span class='ocrx_word' id='word_1_21' title='bbox 922 341 1103 411; x_wconf 86' lang='lat' dir='ltr'>partim</span> <span class='ocrx_word' id='word_1_22' title='bbox 1148 336 1424 393; x_wconf 86' lang='lat' dir='ltr'>memorata</span> <span class='ocrx_word' id='word_1_23' title='bbox 1463 350 1627 408; x_wconf 85' lang='lat' dir='ltr'>sunt,</span> 
     </span>
     <span class='ocr_line' id='line_1_4' title="bbox 128 418 1631 487; baseline 0 -19"><span class='ocrx_word' id='word_1_24' title='bbox 128 435 155 469; x_wconf 90' lang='lat'>«</span> <span class='ocrx_word' id='word_1_25' title='bbox 197 418 538 487; x_wconf 74' lang='lat' dir='ltr'>cognitionem</span> <span class='ocrx_word' id='word_1_26' title='bbox 578 418 698 471; x_wconf 91' lang='lat' dir='ltr'>dare</span> <span class='ocrx_word' id='word_1_27' title='bbox 761 427 953 470; x_wconf 85' lang='lat' dir='ltr'>vestrae</span> <span class='ocrx_word' id='word_1_28' title='bbox 993 419 1240 470; x_wconf 77' lang='lat' dir='ltr'>fraternae</span> <span class='ocrx_word' id='word_1_29' title='bbox 1307 427 1455 487; x_wconf 89' lang='lat' dir='ltr'>atque</span> <span class='ocrx_word' id='word_1_30' title='bbox 1498 434 1631 469; x_wconf 91' lang='lat' dir='ltr'>una-</span> 
     </span>
     <span class='ocr_line' id='line_1_5' title="bbox 125 493 1631 564; baseline -0.001 -17"><span class='ocrx_word' id='word_1_31' title='bbox 125 514 152 548; x_wconf 88' lang='lat'>«</span> <span class='ocrx_word' id='word_1_32' title='bbox 198 494 320 546; x_wconf 87' lang='lat' dir='ltr'>nimi</span> <span class='ocrx_word' id='word_1_33' title='bbox 361 494 664 547; x_wconf 89' lang='lat' dir='ltr'>Beatitudini</span> <span class='ocrx_word' id='word_1_34' title='bbox 727 511 817 564; x_wconf 83' lang='lat' dir='ltr'>per</span> <span class='ocrx_word' id='word_1_35' title='bbox 855 493 1162 564; x_wconf 84' lang='lat' dir='ltr'>exemplaria</span> <span class='ocrx_word' id='word_1_36' title='bbox 1189 534 1205 564; x_wconf 85' lang='lat'><strong>‚</strong></span> <span class='ocrx_word' id='word_1_37' title='bbox 1247 510 1376 564; x_wconf 82' lang='lat' dir='ltr'>quae</span> <span class='ocrx_word' id='word_1_38' title='bbox 1415 511 1442 546; x_wconf 89' lang='lat' dir='ltr'>a</span> <span class='ocrx_word' id='word_1_39' title='bbox 1485 494 1631 546; x_wconf 87' lang='lat' dir='ltr'>nobis</span> 
     </span>
     <span class='ocr_line' id='line_1_6' title="bbox 126 568 1629 638; baseline 0.001 -16"><span class='ocrx_word' id='word_1_40' title='bbox 126 587 154 622; x_wconf 87' lang='lat'>«</span> <span class='ocrx_word' id='word_1_41' title='bbox 198 570 383 624; x_wconf 85' lang='lat' dir='ltr'>directa</span> <span class='ocrx_word' id='word_1_42' title='bbox 423 581 559 638; x_wconf 81' lang='lat' dir='ltr'>sunt3</span> <span class='ocrx_word' id='word_1_43' title='bbox 600 581 649 625; x_wconf 90' lang='lat' dir='ltr'>et</span> <span class='ocrx_word' id='word_1_44' title='bbox 688 569 1016 623; x_wconf 74' lang='lat' dir='ltr'>adhortamur</span> <span class='ocrx_word' id='word_1_45' title='bbox 1046 587 1135 625; x_wconf 89' lang='lat' dir='ltr'>vos</span> <span class='ocrx_word' id='word_1_46' title='bbox 1162 570 1478 623; x_wconf 78' lang='lat' dir='ltr'>sacratissimi</span> <span class='ocrx_word' id='word_1_47' title='bbox 1503 568 1629 623; x_wconf 84' lang='lat' dir='ltr'>haec</span> 
     </span>
     <span class='ocr_line' id='line_1_7' title="bbox 128 646 1631 718; baseline 0.001 -20"><span class='ocrx_word' id='word_1_48' title='bbox 128 664 156 699; x_wconf 80' lang='lat' dir='ltr'>(t</span> <span class='ocrx_word' id='word_1_49' title='bbox 201 647 371 700; x_wconf 87' lang='lat' dir='ltr'>omnia</span> <span class='ocrx_word' id='word_1_50' title='bbox 412 646 578 717; x_wconf 83' lang='lat' dir='ltr'>legere</span> <span class='ocrx_word' id='word_1_51' title='bbox 603 685 620 715; x_wconf 69' lang='lat'><em>9</em></span> <span class='ocrx_word' id='word_1_52' title='bbox 662 658 710 699; x_wconf 89' lang='lat' dir='ltr'>et</span> <span class='ocrx_word' id='word_1_53' title='bbox 752 648 860 700; x_wconf 84' lang='lat' dir='ltr'>Deo</span> <span class='ocrx_word' id='word_1_54' title='bbox 922 646 1158 718; x_wconf 80' lang='lat' dir='ltr'>placitam</span> <span class='ocrx_word' id='word_1_55' title='bbox 1198 657 1247 700; x_wconf 87' lang='lat' dir='ltr'>et</span> <span class='ocrx_word' id='word_1_56' title='bbox 1289 646 1631 718; x_wconf 81' lang='lat' dir='ltr'>plenissimam</span> 
     </span>
     <span class='ocr_line' id='line_1_8' title="bbox 129 723 1634 794; baseline 0.001 -20"><span class='ocrx_word' id='word_1_57' title='bbox 129 739 156 775; x_wconf 86' lang='lat'>«</span> <span class='ocrx_word' id='word_1_58' title='bbox 199 726 481 790; x_wconf 82' lang='lat' dir='ltr'>caritatem,</span> <span class='ocrx_word' id='word_1_59' title='bbox 521 741 649 794; x_wconf 87' lang='lat' dir='ltr'>quae</span> <span class='ocrx_word' id='word_1_60' title='bbox 692 724 744 776; x_wconf 86' lang='lat' dir='ltr'>in-</span> <span class='ocrx_word' id='word_1_61' title='bbox 783 723 926 778; x_wconf 86' lang='lat' dir='ltr'>vobis</span> <span class='ocrx_word' id='word_1_62' title='bbox 977 734 1048 776; x_wconf 88' lang='lat' dir='ltr'>est</span> <span class='ocrx_word' id='word_1_63' title='bbox 1075 761 1092 789; x_wconf 82' lang='lat'>‚</span> <span class='ocrx_word' id='word_1_64' title='bbox 1134 739 1268 776; x_wconf 89' lang='lat' dir='ltr'>nunc</span> <span class='ocrx_word' id='word_1_65' title='bbox 1309 741 1508 794; x_wconf 87' lang='lat' dir='ltr'>quoque</span> <span class='ocrx_word' id='word_1_66' title='bbox 1550 740 1634 776; x_wconf 87' lang='lat' dir='ltr'>se-</span> 
     </span>
     <span class='ocr_line' id='line_1_9' title="bbox 128 796 1633 873; baseline 0 -21"><span class='ocrx_word' id='word_1_67' title='bbox 128 818 155 853; x_wconf 86' lang='lat'>«</span> <span class='ocrx_word' id='word_1_68' title='bbox 203 811 435 870; x_wconf 79' lang='lat' dir='ltr'>quenteS‚</span> <span class='ocrx_word' id='word_1_69' title='bbox 475 801 512 853; x_wconf 88' lang='lat' dir='ltr'>si</span> <span class='ocrx_word' id='word_1_70' title='bbox 554 799 674 871; x_wconf 88' lang='lat' dir='ltr'>quid</span> <span class='ocrx_word' id='word_1_71' title='bbox 716 801 930 871; x_wconf 79' lang='lat' dir='ltr'>amplius</span> <span class='ocrx_word' id='word_1_72' title='bbox 954 801 1183 854; x_wconf 85' lang='lat' dir='ltr'>minusve</span> <span class='ocrx_word' id='word_1_73' title='bbox 1214 800 1527 865; x_wconf 82' lang='lat' dir='ltr'>inveneritiS‚</span> <span class='ocrx_word' id='word_1_74' title='bbox 1553 796 1633 873; x_wconf 91' lang='lat' dir='ltr'>(l)</span> 
     </span>
     <span class='ocr_line' id='line_1_10' title="bbox 127 876 1627 949; baseline 0.001 -21"><span class='ocrx_word' id='word_1_75' title='bbox 127 894 154 929; x_wconf 71' lang='grc' dir='ltr'>(ι</span> <span class='ocrx_word' id='word_1_76' title='bbox 201 876 297 930; x_wconf 90' lang='lat' dir='ltr'>hoc</span> <span class='ocrx_word' id='word_1_77' title='bbox 337 895 428 949; x_wconf 91' lang='lat' dir='ltr'>per</span> <span class='ocrx_word' id='word_1_78' title='bbox 467 877 635 930; x_wconf 88' lang='lat' dir='ltr'>datam</span> <span class='ocrx_word' id='word_1_79' title='bbox 677 878 818 931; x_wconf 88' lang='lat' dir='ltr'>vobis</span> <span class='ocrx_word' id='word_1_80' title='bbox 858 894 886 929; x_wconf 86' lang='lat' dir='ltr'>a</span> <span class='ocrx_word' id='word_1_81' title='bbox 931 877 1034 930; x_wconf 79' lang='lat' dir='ltr'>Deo</span> <span class='ocrx_word' id='word_1_82' title='bbox 1068 877 1282 947; x_wconf 80' lang='lat' dir='ltr'>gratiam</span> <span class='ocrx_word' id='word_1_83' title='bbox 1324 876 1627 947; x_wconf 86' lang='lat' dir='ltr'>adimplere,</span> 
     </span>
     <span class='ocr_line' id='line_1_11' title="bbox 130 954 1633 1025; baseline 0.001 -20"><span class='ocrx_word' id='word_1_84' title='bbox 130 971 157 1007; x_wconf 91' lang='lat'>«</span> <span class='ocrx_word' id='word_1_85' title='bbox 205 965 352 1025; x_wconf 90' lang='lat' dir='ltr'>atque</span> <span class='ocrx_word' id='word_1_86' title='bbox 395 971 485 1025; x_wconf 88' lang='lat' dir='ltr'>per</span> <span class='ocrx_word' id='word_1_87' title='bbox 522 964 716 1007; x_wconf 86' lang='lat' dir='ltr'>sanctas</span> <span class='ocrx_word' id='word_1_88' title='bbox 754 954 952 1025; x_wconf 84' lang='lat' dir='ltr'>sylabas</span> <span class='ocrx_word' id='word_1_89' title='bbox 994 965 1182 1007; x_wconf 85' lang='lat' dir='ltr'>vestras</span> <span class='ocrx_word' id='word_1_90' title='bbox 1222 970 1322 1006; x_wconf 89' lang='lat' dir='ltr'>una</span> <span class='ocrx_word' id='word_1_91' title='bbox 1378 970 1495 1007; x_wconf 90' lang='lat' dir='ltr'>cum</span> <span class='ocrx_word' id='word_1_92' title='bbox 1539 971 1633 1007; x_wconf 86' lang='lat' dir='ltr'>ve·-</span> 
     </span>
     <span class='ocr_line' id='line_1_12' title="bbox 129 1027 1632 1101; baseline 0.001 -18"><span class='ocrx_word' id='word_1_93' title='bbox 129 1050 155 1084; x_wconf 88' lang='lat'>«</span> <span class='ocrx_word' id='word_1_94' title='bbox 201 1043 299 1084; x_wconf 87' lang='lat' dir='ltr'>stra</span> <span class='ocrx_word' id='word_1_95' title='bbox 341 1030 547 1101; x_wconf 85' lang='lat' dir='ltr'>optabili</span> <span class='ocrx_word' id='word_1_96' title='bbox 588 1031 842 1100; x_wconf 80' lang='lat' dir='ltr'>sospitate,</span> <span class='ocrx_word' id='word_1_97' title='bbox 882 1047 1109 1101; x_wconf 86' lang='lat' dir='ltr'>quaeque</span> <span class='ocrx_word' id='word_1_98' title='bbox 1148 1047 1299 1101; x_wconf 88' lang='lat' dir='ltr'>super</span> <span class='ocrx_word' id='word_1_99' title='bbox 1338 1028 1416 1084; x_wconf 88' lang='lat' dir='ltr'>his</span> <span class='ocrx_word' id='word_1_100' title='bbox 1481 1027 1632 1084; x_wconf 83' lang='lat' dir='ltr'>Vobis</span> 
     </span>
     <span class='ocr_line' id='line_1_13' title="bbox 133 1107 1059 1178; baseline 0 -19"><span class='ocrx_word' id='word_1_101' title='bbox 133 1125 159 1160; x_wconf 77' lang='lat' dir='ltr'>(t</span> <span class='ocrx_word' id='word_1_102' title='bbox 207 1108 391 1162; x_wconf 91' lang='lat' dir='ltr'>fuerint</span> <span class='ocrx_word' id='word_1_103' title='bbox 432 1107 639 1178; x_wconf 81' lang='lat' dir='ltr'>placita,</span> <span class='ocrx_word' id='word_1_104' title='bbox 681 1107 984 1177; x_wconf 82' lang='lat' dir='ltr'>significare.</span> <span class='ocrx_word' id='word_1_105' title='bbox 1034 1124 1059 1159; x_wconf 82' lang='lat'>»</span> 
     </span>
    </p>

    <p class='ocr_par' dir='ltr' id='par_1_2' title="bbox 128 1182 1646 2716">
     <span class='ocr_line' id='line_1_14' title="bbox 202 1182 1635 1255; baseline -0.001 -18"><span class='ocrx_word' id='word_1_106' title='bbox 202 1185 349 1238; x_wconf 91' lang='lat' dir='ltr'>Hanc</span> <span class='ocrx_word' id='word_1_107' title='bbox 377 1195 542 1238; x_wconf 89' lang='lat' dir='ltr'>autem</span> <span class='ocrx_word' id='word_1_108' title='bbox 573 1184 835 1255; x_wconf 88' lang='lat' dir='ltr'>epistolam</span> <span class='ocrx_word' id='word_1_109' title='bbox 863 1184 1046 1255; x_wconf 79' lang='lat' dir='ltr'>legenti</span> <span class='ocrx_word' id='word_1_110' title='bbox 1077 1182 1209 1237; x_wconf 92' lang='lat' dir='ltr'>illico</span> <span class='ocrx_word' id='word_1_111' title='bbox 1251 1191 1484 1255; x_wconf 80' lang='lat' dir='ltr'>apparet,</span> <span class='ocrx_word' id='word_1_112' title='bbox 1515 1182 1635 1237; x_wconf 87' lang='lat' dir='ltr'>nul-</span> 
     </span>
     <span class='ocr_line' id='line_1_15' title="bbox 128 1258 1639 1332; baseline 0.001 -19"><span class='ocrx_word' id='word_1_113' title='bbox 128 1258 379 1330; x_wconf 51' lang='lat' dir='ltr'>lum‚non</span> <span class='ocrx_word' id='word_1_114' title='bbox 433 1278 642 1315; x_wconf 80' lang='lat' dir='ltr'>movere</span> <span class='ocrx_word' id='word_1_115' title='bbox 686 1260 903 1332; x_wconf 86' lang='lat' dir='ltr'>lapidem</span> <span class='ocrx_word' id='word_1_116' title='bbox 986 1260 1220 1329; x_wconf 78' lang='lat' dir='ltr'>Sergium</span> <span class='ocrx_word' id='word_1_117' title='bbox 1252 1301 1269 1331; x_wconf 83' lang='lat'>‚</span> <span class='ocrx_word' id='word_1_118' title='bbox 1324 1271 1377 1313; x_wconf 86' lang='lat' dir='ltr'>ut</span> <span class='ocrx_word' id='word_1_119' title='bbox 1425 1260 1639 1315; x_wconf 88' lang='lat' dir='ltr'>duarum</span> 
     </span>
     <span class='ocr_line' id='line_1_16' title="bbox 130 1337 1639 1409; baseline -0.001 -18"><span class='ocrx_word' id='word_1_120' title='bbox 130 1339 481 1409; x_wconf 88' lang='lat' dir='ltr'>operationum</span> <span class='ocrx_word' id='word_1_121' title='bbox 510 1338 815 1392; x_wconf 83' lang='lat' dir='ltr'>vocabulum</span> <span class='ocrx_word' id='word_1_122' title='bbox 855 1338 916 1390; x_wconf 89' lang='lat' dir='ltr'>de</span> <span class='ocrx_word' id='word_1_123' title='bbox 941 1338 1106 1390; x_wconf 89' lang='lat' dir='ltr'>medio</span> <span class='ocrx_word' id='word_1_124' title='bbox 1145 1337 1306 1403; x_wconf 87' lang='lat' dir='ltr'>tollat,</span> <span class='ocrx_word' id='word_1_125' title='bbox 1336 1345 1519 1390; x_wconf 87' lang='lat' dir='ltr'>statuat</span> <span class='ocrx_word' id='word_1_126' title='bbox 1541 1356 1639 1391; x_wconf 67' lang='lat' dir='ltr'>au·-</span> 
     </span>
     <span class='ocr_line' id='line_1_17' title="bbox 128 1414 1639 1486; baseline 0 -19"><span class='ocrx_word' id='word_1_127' title='bbox 128 1424 229 1469; x_wconf 87' lang='lat' dir='ltr'>tem</span> <span class='ocrx_word' id='word_1_128' title='bbox 269 1416 415 1468; x_wconf 86' lang='lat' dir='ltr'>unius</span> <span class='ocrx_word' id='word_1_129' title='bbox 456 1414 762 1486; x_wconf 84' lang='lat' dir='ltr'>operationis</span> <span class='ocrx_word' id='word_1_130' title='bbox 794 1431 993 1480; x_wconf 79' lang='lat' dir='ltr'>vocem,</span> <span class='ocrx_word' id='word_1_131' title='bbox 1036 1414 1227 1467; x_wconf 82' lang='lat' dir='ltr'>etiamsi</span> <span class='ocrx_word' id='word_1_132' title='bbox 1272 1414 1639 1468; x_wconf 80' lang='lat' dir='ltr'>indifferentem</span> 
     </span>
     <span class='ocr_line' id='line_1_18' title="bbox 131 1491 1636 1562; baseline 0.002 -18"><span class='ocrx_word' id='word_1_133' title='bbox 131 1491 401 1562; x_wconf 87' lang='lat' dir='ltr'>aliquando</span> <span class='ocrx_word' id='word_1_134' title='bbox 434 1493 496 1546; x_wconf 91' lang='lat' dir='ltr'>ad</span> <span class='ocrx_word' id='word_1_135' title='bbox 526 1501 794 1562; x_wconf 80' lang='lat' dir='ltr'>utrumque</span> <span class='ocrx_word' id='word_1_136' title='bbox 814 1509 864 1545; x_wconf 89' lang='lat' dir='ltr'>se</span> <span class='ocrx_word' id='word_1_137' title='bbox 887 1492 1232 1545; x_wconf 83' lang='lat' dir='ltr'>demonstrare</span> <span class='ocrx_word' id='word_1_138' title='bbox 1251 1492 1498 1546; x_wconf 84' lang='lat' dir='ltr'>videatur.</span> <span class='ocrx_word' id='word_1_139' title='bbox 1526 1493 1636 1546; x_wconf 90' lang='lat' dir='ltr'>No-</span> 
     </span>
     <span class='ocr_line' id='line_1_19' title="bbox 129 1567 1642 1641; baseline 0.001 -20"><span class='ocrx_word' id='word_1_140' title='bbox 129 1567 260 1622; x_wconf 88' lang='lat' dir='ltr'>lebat</span> <span class='ocrx_word' id='word_1_141' title='bbox 297 1570 435 1623; x_wconf 86' lang='lat' dir='ltr'>enim</span> <span class='ocrx_word' id='word_1_142' title='bbox 477 1568 556 1624; x_wconf 77' lang='lat' dir='ltr'>vir</span> <span class='ocrx_word' id='word_1_143' title='bbox 602 1569 663 1622; x_wconf 90' lang='lat' dir='ltr'>ad</span> <span class='ocrx_word' id='word_1_144' title='bbox 711 1586 916 1622; x_wconf 88' lang='lat' dir='ltr'>omnem</span> <span class='ocrx_word' id='word_1_145' title='bbox 963 1568 1188 1621; x_wconf 86' lang='lat' dir='ltr'>fraudem</span> <span class='ocrx_word' id='word_1_146' title='bbox 1231 1579 1456 1622; x_wconf 82' lang='lat' dir='ltr'>versutus</span> <span class='ocrx_word' id='word_1_147' title='bbox 1488 1586 1642 1641; x_wconf 88' lang='lat' dir='ltr'>aper-</span> 
     </span>
     <span class='ocr_line' id='line_1_20' title="bbox 129 1645 1641 1718; baseline 0.001 -20"><span class='ocrx_word' id='word_1_148' title='bbox 129 1655 235 1698; x_wconf 90' lang='lat' dir='ltr'>tum</span> <span class='ocrx_word' id='word_1_149' title='bbox 279 1646 469 1700; x_wconf 89' lang='lat' dir='ltr'>bellum</span> <span class='ocrx_word' id='word_1_150' title='bbox 506 1645 698 1699; x_wconf 87' lang='lat' dir='ltr'>duabus</span> <span class='ocrx_word' id='word_1_151' title='bbox 739 1646 788 1698; x_wconf 91' lang='lat' dir='ltr'>in</span> <span class='ocrx_word' id='word_1_152' title='bbox 830 1645 1029 1698; x_wconf 81' lang='lat' dir='ltr'>Christo</span> <span class='ocrx_word' id='word_1_153' title='bbox 1070 1645 1410 1700; x_wconf 88' lang='lat' dir='ltr'>voluntatibus</span> <span class='ocrx_word' id='word_1_154' title='bbox 1436 1654 1486 1698; x_wconf 87' lang='lat' dir='ltr'>et</span> <span class='ocrx_word' id='word_1_155' title='bbox 1513 1663 1641 1718; x_wconf 90' lang='lat' dir='ltr'>ope-</span> 
     </span>
     <span class='ocr_line' id='line_1_21' title="bbox 129 1721 1640 1793; baseline 0 -17"><span class='ocrx_word' id='word_1_156' title='bbox 129 1722 406 1777; x_wconf 86' lang='lat' dir='ltr'>rationibus</span> <span class='ocrx_word' id='word_1_157' title='bbox 447 1722 654 1789; x_wconf 87' lang='lat' dir='ltr'>inferre,</span> <span class='ocrx_word' id='word_1_158' title='bbox 697 1740 762 1775; x_wconf 86' lang='lat' dir='ltr'>ue</span> <span class='ocrx_word' id='word_1_159' title='bbox 802 1723 891 1793; x_wconf 85' lang='lat' dir='ltr'>ipsi</span> <span class='ocrx_word' id='word_1_160' title='bbox 936 1733 1174 1792; x_wconf 86' lang='lat' dir='ltr'>tanquam</span> <span class='ocrx_word' id='word_1_161' title='bbox 1216 1721 1469 1776; x_wconf 87' lang='lat' dir='ltr'>haeretico</span> <span class='ocrx_word' id='word_1_162' title='bbox 1511 1740 1640 1777; x_wconf 89' lang='lat' dir='ltr'>ana-</span> 
     </span>
     <span class='ocr_line' id='line_1_22' title="bbox 130 1797 1641 1872; baseline 0.002 -21"><span class='ocrx_word' id='word_1_163' title='bbox 130 1797 299 1854; x_wconf 88' lang='lat' dir='ltr'>thema</span> <span class='ocrx_word' id='word_1_164' title='bbox 357 1818 385 1854; x_wconf 89' lang='lat' dir='ltr'>a</span> <span class='ocrx_word' id='word_1_165' title='bbox 428 1800 673 1872; x_wconf 87' lang='lat' dir='ltr'>principio</span> <span class='ocrx_word' id='word_1_166' title='bbox 713 1800 986 1853; x_wconf 83' lang='lat' dir='ltr'>diceretur.</span> <span class='ocrx_word' id='word_1_167' title='bbox 1045 1800 1278 1853; x_wconf 85' lang='lat' dir='ltr'>Attamen</span> <span class='ocrx_word' id='word_1_168' title='bbox 1322 1798 1641 1854; x_wconf 87' lang='lat' dir='ltr'>manifestum</span> 
     </span>
     <span class='ocr_line' id='line_1_23' title="bbox 128 1875 1641 1948; baseline 0.002 -20"><span class='ocrx_word' id='word_1_169' title='bbox 128 1877 244 1930; x_wconf 84' lang='lat' dir='ltr'>satis</span> <span class='ocrx_word' id='word_1_170' title='bbox 283 1887 404 1948; x_wconf 90' lang='lat' dir='ltr'>puto</span> <span class='ocrx_word' id='word_1_171' title='bbox 443 1894 506 1930; x_wconf 84' lang='lat' dir='ltr'>ex</span> <span class='ocrx_word' id='word_1_172' title='bbox 546 1876 792 1947; x_wconf 81' lang='lat' dir='ltr'>Epistola,</span> <span class='ocrx_word' id='word_1_173' title='bbox 834 1893 952 1928; x_wconf 91' lang='lat' dir='ltr'>eum</span> <span class='ocrx_word' id='word_1_174' title='bbox 994 1875 1057 1928; x_wconf 91' lang='lat' dir='ltr'>ita</span> <span class='ocrx_word' id='word_1_175' title='bbox 1099 1893 1384 1930; x_wconf 87' lang='lat' dir='ltr'>sermonem</span> <span class='ocrx_word' id='word_1_176' title='bbox 1425 1893 1641 1948; x_wconf 89' lang='lat' dir='ltr'>compo-</span> 
     </span>
     <span class='ocr_line' id='line_1_24' title="bbox 131 1953 1641 2024; baseline 0.001 -18"><span class='ocrx_word' id='word_1_177' title='bbox 131 1970 251 2007; x_wconf 90' lang='lat' dir='ltr'>nere</span> <span class='ocrx_word' id='word_1_178' title='bbox 277 1990 293 2020; x_wconf 84' lang='lat'><strong>,</strong></span> <span class='ocrx_word' id='word_1_179' title='bbox 342 1965 395 2007; x_wconf 90' lang='lat' dir='ltr'>ut</span> <span class='ocrx_word' id='word_1_180' title='bbox 433 1954 719 2006; x_wconf 89' lang='lat' dir='ltr'>Honorium</span> <span class='ocrx_word' id='word_1_181' title='bbox 789 1953 991 2006; x_wconf 90' lang='lat' dir='ltr'>inducat</span> <span class='ocrx_word' id='word_1_182' title='bbox 1032 1953 1092 2006; x_wconf 89' lang='lat' dir='ltr'>ad</span> <span class='ocrx_word' id='word_1_183' title='bbox 1132 1953 1427 2024; x_wconf 84' lang='lat' dir='ltr'>suffragium</span> <span class='ocrx_word' id='word_1_184' title='bbox 1469 1953 1641 2007; x_wconf 85' lang='lat' dir='ltr'>feren-</span> 
     </span>
     <span class='ocr_line' id='line_1_25' title="bbox 132 2029 1641 2101; baseline 0.001 -19"><span class='ocrx_word' id='word_1_185' title='bbox 132 2029 252 2084; x_wconf 91' lang='lat' dir='ltr'>dum</span> <span class='ocrx_word' id='word_1_186' title='bbox 296 2032 441 2084; x_wconf 87' lang='lat' dir='ltr'>unius</span> <span class='ocrx_word' id='word_1_187' title='bbox 483 2029 648 2101; x_wconf 85' lang='lat' dir='ltr'>potius</span> <span class='ocrx_word' id='word_1_188' title='bbox 676 2029 947 2084; x_wconf 85' lang='lat' dir='ltr'>voluntatis</span> <span class='ocrx_word' id='word_1_189' title='bbox 978 2040 1026 2083; x_wconf 90' lang='lat' dir='ltr'>et</span> <span class='ocrx_word' id='word_1_190' title='bbox 1066 2031 1374 2101; x_wconf 83' lang='lat' dir='ltr'>operationis</span> <span class='ocrx_word' id='word_1_191' title='bbox 1414 2031 1641 2084; x_wconf 87' lang='lat' dir='ltr'>vocabu-</span> 
     </span>
     <span class='ocr_line' id='line_1_26' title="bbox 133 2106 1640 2178; baseline 0.001 -19"><span class='ocrx_word' id='word_1_192' title='bbox 133 2106 204 2175; x_wconf 84' lang='lat' dir='ltr'>lo,</span> <span class='ocrx_word' id='word_1_193' title='bbox 233 2125 386 2178; x_wconf 88' lang='lat' dir='ltr'>quam</span> <span class='ocrx_word' id='word_1_194' title='bbox 409 2107 520 2162; x_wconf 89' lang='lat' dir='ltr'>voci</span> <span class='ocrx_word' id='word_1_195' title='bbox 555 2107 769 2160; x_wconf 89' lang='lat' dir='ltr'>duarum</span> <span class='ocrx_word' id='word_1_196' title='bbox 818 2106 1137 2161; x_wconf 84' lang='lat' dir='ltr'>voluntatum</span> <span class='ocrx_word' id='word_1_197' title='bbox 1176 2118 1225 2161; x_wconf 93' lang='lat' dir='ltr'>et</span> <span class='ocrx_word' id='word_1_198' title='bbox 1266 2108 1640 2178; x_wconf 79' lang='lat' dir='ltr'>operationum3</span> 
     </span>
     <span class='ocr_line' id='line_1_27' title="bbox 133 2183 1641 2256; baseline 0.001 -18"><span class='ocrx_word' id='word_1_199' title='bbox 133 2193 184 2238; x_wconf 87' lang='lat' dir='ltr'>et</span> <span class='ocrx_word' id='word_1_200' title='bbox 223 2183 320 2238; x_wconf 90' lang='lat' dir='ltr'>boc</span> <span class='ocrx_word' id='word_1_201' title='bbox 368 2185 531 2256; x_wconf 92' lang='lat' dir='ltr'>primo</span> <span class='ocrx_word' id='word_1_202' title='bbox 583 2183 694 2238; x_wconf 93' lang='lat' dir='ltr'>loco</span> <span class='ocrx_word' id='word_1_203' title='bbox 747 2185 1120 2237; x_wconf 78' lang='lat' dir='ltr'>demonstrabo,</span> <span class='ocrx_word' id='word_1_204' title='bbox 1166 2184 1508 2238; x_wconf 85' lang='lat' dir='ltr'>Certissimum</span> <span class='ocrx_word' id='word_1_205' title='bbox 1536 2203 1641 2239; x_wconf 86' lang='lat' dir='ltr'>esse</span> 
     </span>
     <span class='ocr_line' id='line_1_28' title="bbox 136 2259 1641 2331; baseline 0.001 -17"><span class='ocrx_word' id='word_1_206' title='bbox 136 2260 315 2314; x_wconf 89' lang='lat' dir='ltr'>deinde</span> <span class='ocrx_word' id='word_1_207' title='bbox 356 2261 593 2325; x_wconf 82' lang='lat' dir='ltr'>arbitror,</span> <span class='ocrx_word' id='word_1_208' title='bbox 635 2279 663 2314; x_wconf 89' lang='lat' dir='ltr'>a</span> <span class='ocrx_word' id='word_1_209' title='bbox 703 2261 879 2331; x_wconf 80' lang='lat' dir='ltr'>Sergio</span> <span class='ocrx_word' id='word_1_210' title='bbox 922 2259 1352 2315; x_wconf 86' lang='lat' dir='ltr'>monotheliticam</span> <span class='ocrx_word' id='word_1_211' title='bbox 1395 2259 1641 2315; x_wconf 86' lang='lat' dir='ltr'>haeresim</span> 
     </span>
     <span class='ocr_line' id='line_1_29' title="bbox 138 2337 1641 2409; baseline 0.001 -19"><span class='ocrx_word' id='word_1_212' title='bbox 138 2349 317 2408; x_wconf 79' lang='lat' dir='ltr'>aperte</span> <span class='ocrx_word' id='word_1_213' title='bbox 331 2339 455 2392; x_wconf 86' lang='lat' dir='ltr'>adeo</span> <span class='ocrx_word' id='word_1_214' title='bbox 479 2338 713 2408; x_wconf 85' lang='lat' dir='ltr'>proferri,</span> <span class='ocrx_word' id='word_1_215' title='bbox 740 2349 791 2390; x_wconf 89' lang='lat' dir='ltr'>ut</span> <span class='ocrx_word' id='word_1_216' title='bbox 819 2338 1030 2391; x_wconf 91' lang='lat' dir='ltr'>omnino</span> <span class='ocrx_word' id='word_1_217' title='bbox 1059 2337 1362 2409; x_wconf 86' lang='lat' dir='ltr'>impossibile</span> <span class='ocrx_word' id='word_1_218' title='bbox 1390 2338 1448 2390; x_wconf 87' lang='lat' dir='ltr'>sit</span> <span class='ocrx_word' id='word_1_219' title='bbox 1479 2338 1641 2409; x_wconf 86' lang='lat' dir='ltr'>ipsum</span> 
     </span>
     <span class='ocr_line' id='line_1_30' title="bbox 139 2414 1639 2486; baseline 0.001 -19"><span class='ocrx_word' id='word_1_220' title='bbox 139 2431 375 2468; x_wconf 84' lang='lat' dir='ltr'>excusare</span> <span class='ocrx_word' id='word_1_221' title='bbox 405 2456 422 2486; x_wconf 82' lang='lat'>‚</span> <span class='ocrx_word' id='word_1_222' title='bbox 463 2414 602 2485; x_wconf 88' lang='lat' dir='ltr'>quasi</span> <span class='ocrx_word' id='word_1_223' title='bbox 646 2415 707 2468; x_wconf 89' lang='lat' dir='ltr'>ab</span> <span class='ocrx_word' id='word_1_224' title='bbox 746 2415 980 2469; x_wconf 89' lang='lat' dir='ltr'>Honorio</span> <span class='ocrx_word' id='word_1_225' title='bbox 1022 2414 1091 2467; x_wconf 91' lang='lat' dir='ltr'>nil</span> <span class='ocrx_word' id='word_1_226' title='bbox 1135 2415 1269 2467; x_wconf 86' lang='lat' dir='ltr'>aliud</span> <span class='ocrx_word' id='word_1_227' title='bbox 1312 2414 1510 2484; x_wconf 85' lang='lat' dir='ltr'>petierit</span> <span class='ocrx_word' id='word_1_228' title='bbox 1547 2418 1639 2469; x_wconf 83' lang='lat' dir='ltr'>nisi</span> 
     </span>
     <span class='ocr_line' id='line_1_31' title="bbox 139 2490 1643 2562; baseline 0.001 -18"><span class='ocrx_word' id='word_1_229' title='bbox 139 2490 392 2544; x_wconf 86' lang='lat' dir='ltr'>silentium</span> <span class='ocrx_word' id='word_1_230' title='bbox 431 2508 583 2562; x_wconf 90' lang='lat' dir='ltr'>super</span> <span class='ocrx_word' id='word_1_231' title='bbox 629 2503 898 2562; x_wconf 76' lang='lat' dir='ltr'>utrumque</span> <span class='ocrx_word' id='word_1_232' title='bbox 936 2492 1043 2546; x_wconf 84' lang='lat' dir='ltr'>sive</span> <span class='ocrx_word' id='word_1_233' title='bbox 1091 2492 1238 2544; x_wconf 87' lang='lat' dir='ltr'>unius</span> <span class='ocrx_word' id='word_1_234' title='bbox 1279 2493 1384 2545; x_wconf 87' lang='lat' dir='ltr'>sive</span> <span class='ocrx_word' id='word_1_235' title='bbox 1426 2491 1643 2545; x_wconf 85' lang='lat' dir='ltr'>duarum</span> 
     </span>
     <span class='ocr_line' id='line_1_32' title="bbox 142 2567 1642 2638; baseline 0.001 -18"><span class='ocrx_word' id='word_1_236' title='bbox 142 2568 494 2638; x_wconf 71' lang='lat' dir='ltr'>operationum</span> <span class='ocrx_word' id='word_1_237' title='bbox 536 2568 863 2634; x_wconf 81' lang='lat' dir='ltr'>vocabulum,</span> <span class='ocrx_word' id='word_1_238' title='bbox 906 2567 1183 2621; x_wconf 86' lang='lat' dir='ltr'>nullimode</span> <span class='ocrx_word' id='word_1_239' title='bbox 1213 2585 1334 2622; x_wconf 85' lang='lat' dir='ltr'>vero</span> <span class='ocrx_word' id='word_1_240' title='bbox 1364 2567 1642 2622; x_wconf 83' lang='lat' dir='ltr'>Monotbe-</span> 
     </span>
     <span class='ocr_line' id='line_1_33' title="bbox 144 2643 1646 2716; baseline 0.003 -20"><span class='ocrx_word' id='word_1_241' title='bbox 144 2643 346 2698; x_wconf 80' lang='lat' dir='ltr'>lismum</span> <span class='ocrx_word' id='word_1_242' title='bbox 400 2645 798 2716; x_wconf 83' lang='lat' dir='ltr'>propugnaverit</span> <span class='ocrx_word' id='word_1_243' title='bbox 821 2663 839 2713; x_wconf 80' lang='lat'><em>3</em></span> <span class='ocrx_word' id='word_1_244' title='bbox 879 2645 1013 2716; x_wconf 86' lang='lat' dir='ltr'>quod</span> <span class='ocrx_word' id='word_1_245' title='bbox 1053 2646 1271 2699; x_wconf 84' lang='lat' dir='ltr'>secundo</span> <span class='ocrx_word' id='word_1_246' title='bbox 1313 2645 1423 2701; x_wconf 87' lang='lat' dir='ltr'>loco</span> <span class='ocrx_word' id='word_1_247' title='bbox 1460 2646 1646 2700; x_wconf 82' lang='lat' dir='ltr'>defen-</span> 
     </span>
    </p>
   </div>
   <div class='ocr_carea' id='block_1_2' title="bbox 198 2794 1306 2856">
    <p class='ocr_par' dir='ltr' id='par_1_3' title="bbox 198 2794 1306 2856">
     <span class='ocr_line' id='line_1_34' title="bbox 198 2794 1306 2856; baseline 0.003 -17"><span class='ocrx_word' id='word_1_248' title='bbox 198 2794 258 2853; x_wconf 80' lang='lat'>(1)</span> <span class='ocrx_word' id='word_1_249' title='bbox 283 2795 427 2842; x_wconf 82' lang='lat' dir='ltr'>Aliter:</span> <span class='ocrx_word' id='word_1_250' title='bbox 459 2798 492 2843; x_wconf 89' lang='lat' dir='ltr'>si</span> <span class='ocrx_word' id='word_1_251' title='bbox 523 2796 617 2856; x_wconf 84' lang='lat' dir='ltr'>quid</span> <span class='ocrx_word' id='word_1_252' title='bbox 650 2797 751 2843; x_wconf 83' lang='lat' dir='ltr'>forte</span> <span class='ocrx_word' id='word_1_253' title='bbox 782 2796 1015 2856; x_wconf 81' lang='lat' dir='ltr'>imperfecte</span> <span class='ocrx_word' id='word_1_254' title='bbox 1047 2803 1108 2841; x_wconf 86' lang='lat' dir='ltr'>est</span> <span class='ocrx_word' id='word_1_255' title='bbox 1141 2796 1306 2842; x_wconf 80' lang='lat' dir='ltr'>dictum.</span> 
     </span>
    </p>
   </div>
  </div>
 </body>
</html>
