1780 3038
193 342 221 377 α
266 330 335 381 tes
374 321 523 393 igitur
548 319 753 374 Sanctos
778 317 970 386 Patres,
998 331 1171 368 unum
1198 315 1530 386 eumdemque
1552 331 1684 371 eon-

191 421 218 454 «
264 399 390 451 fiteri
432 397 615 450 Filium
654 404 703 448 et
723 393 1001 446 Dominum
1039 392 1276 445 Nostrum
1316 392 1482 445 lesum
1529 392 1685 446 Chri-

190 494 218 528 «
261 484 390 528 stum
416 481 746 527 consonanter
785 486 959 523 omnes
997 468 1253 534 docemus;
1294 469 1527 522 eumdem
1568 487 1689 540 per-

189 572 216 605 «
261 550 441 603 fectum
467 549 516 600 in
538 547 741 616 deitate,
781 555 831 598 et
850 543 1084 598 eumdem
1124 545 1399 614 perfectum
1429 545 1478 597 in
1502 543 1689 599 huma-

188 646 215 681 «
260 625 435 692 nitate,
474 624 641 677 Deum
682 639 857 677 verum
897 631 946 674 et
985 620 1245 673 hominem
1286 639 1485 687 verum,
1537 639 1688 675 eum-

188 720 215 755 «
260 701 374 754 dem
414 718 477 755 ex
517 700 685 753 anima
714 697 942 751 rationali
985 707 1033 749 et
1061 713 1274 767 corpore
1299 735 1316 764 ,
1356 698 1688 751 consubstan-

187 795 214 832 «
261 776 428 831 tiaiem
466 775 603 829 Patri
643 774 917 829 secundum
957 773 1189 826 deitatem
1218 811 1236 840 ,
1287 775 1689 828 consubstantia-

185 871 214 907 α
260 852 358 907 iem
400 853 542 907 nobis
579 853 851 906 secundum
892 849 1507 905 humanitatem....unum
1536 868 1688 904 eum-

185 948 212 983 «
258 929 470 1000 demque
508 927 784 994 Christum,
826 926 1009 993 filium,
1041 927 1317 979 Dominum
1357 926 1687 997 Unigenitum

184 1022 211 1059 «
259 1006 308 1058 in
349 1006 539 1059 duabus
578 1005 765 1058 naturis
807 1003 1085 1069 inconfuse,
1118 1003 1515 1071 immutabiiiter,
1550 1004 1687 1058 indi-

184 1103 210 1136 (ι
259 1082 386 1149 vise,
429 1081 829 1153 inseparabiliter
857 1080 1253 1150 agnoscendum,
1296 1097 1573 1151 numquam
1595 1098 1687 1135 su·-

184 1179 210 1213 «
258 1157 390 1212 blata
412 1158 693 1213 differentia
724 1168 1017 1210 naturarum
1046 1167 1251 1228 propter
1272 1157 1688 1229 unitionem,m'a-

184 1252 211 1287 α
256 1235 428 1305 gisque
467 1234 607 1289 saiva
650 1234 951 1306 proprietate
992 1233 1247 1304 utriusque
1287 1244 1516 1301 naturae,
1556 1235 1682 1289 etin

183 1332 209 1366 (t
256 1329 407 1365 unam
448 1329 709 1384 personam
757 1321 903 1382 atque
966 1310 1290 1364 substantiam
1330 1322 1689 1382 concurrente,

187 1406 213 1440 α
259 1405 360 1442 non
402 1389 451 1441 in
491 1389 612 1442 duas
651 1404 887 1459 personas
926 1387 1162 1458 partitum
1203 1397 1287 1440 aut
1326 1388 1566 1457 divisum,
1594 1389 1682 1442 sed

183 1482 209 1516 «
255 1482 411 1518 unum
452 1465 783 1535 eumdemque
825 1464 1012 1516 Filium
1053 1473 1102 1517 et
1141 1462 1472 1534 Unigenitum
1514 1465 1684 1519 Deum

182 1558 210 1592 «
254 1540 498 1612 Verbum,
542 1542 818 1595 Dominum
862 1541 1028 1595 Iesum
1067 1539 1320 1593 Christum
1346 1577 1362 1606 ,
1403 1541 1528 1594 sicut
1567 1551 1685 1596 ante

182 1634 209 1668 «
254 1616 528 1689 prophetae
568 1618 629 1671 de
668 1635 751 1684 eo,
792 1617 971 1689 etipse
1012 1634 1101 1670 nos
1140 1617 1277 1670 Iesus
1298 1616 1525 1670 Christus
1562 1635 1686 1671 eru-

181 1710 208 1745 «
253 1694 399 1764 divit,
439 1705 488 1747 et
527 1696 732 1748 Patrum
774 1695 916 1748 nobis
953 1693 1239 1764 symbolum
1292 1694 1493 1748 tradidit
1538 1711 1587 1747 J).

256 1769 383 1823 Cum
429 1771 591 1842 itaque
631 1771 747 1825 fidei
790 1771 1026 1843 professio
1055 1771 1117 1823 ab
1162 1770 1395 1825 Honorio
1436 1771 1687 1841 praescri-

177 1850 262 1916 pta
287 1846 496 1901 identica
520 1849 579 1901 sit
619 1865 733 1902 cum
764 1849 860 1902 fide
901 1846 1250 1914 Chalcedensi3
1282 1859 1366 1900 aut
1397 1858 1684 1919 utramque,

178 1932 263 1975 aut
302 1936 530 1977 neutram
572 1923 940 1995 reprehendant
980 1933 1198 1997 oportet,
1239 1924 1324 1996 qui
1367 1924 1582 1978 Honorii
1612 1925 1681 1978 fi-

176 1998 291 2052 dem
332 1999 723 2071 reprehendunt.

251 2075 441 2129 Verum
500 2095 602 2131 non
663 2088 764 2131 tam
805 2096 833 2132 a
875 2076 1053 2132 tradita
1107 2076 1527 2131 Chalcedonensis
1566 2076 1683 2132 fidei

177 2152 507 2220 professione,
549 2171 699 2224 quam
738 2173 800 2210 ex
839 2154 1044 2226 epistola
1091 2154 1371 2223 dogmatica
1413 2154 1465 2206 S.
1500 2155 1687 2208 Leonis

176 2227 219 2279 Ι.
263 2229 324 2282 ad
365 2230 703 2302 Flavianum,
761 2249 902 2284 suam
967 2231 1200 2302 loquendi
1261 2231 1508 2284 rationem
1564 2249 1685 2288 eum

177 2304 522 2378 desumpsisse,
566 2319 639 2361 sat
666 2309 981 2361 manifestum
1015 2318 1135 2379 puto
1162 2324 1224 2360 ex
1264 2307 1518 2378 utriusque
1545 2309 1684 2379 epis-

178 2381 308 2435 toiae
374 2383 657 2438 collatione.
721 2385 1058 2439 Conferantur
1122 2384 1257 2437 enim
1318 2384 1519 2437 recitata
1568 2385 1684 2439 Ho-

178 2459 306 2512 norii
336 2461 486 2513 verba
509 2477 623 2514 cum
653 2460 727 2514 his
755 2462 807 2515 S.
834 2462 1032 2515 Leonis,
1062 2479 1087 2514 α
1115 2460 1263 2515 Saiva
1288 2460 1438 2531 igitur
1459 2462 1687 2533 proprie-

178 2553 204 2586 α
251 2544 348 2588 tato
412 2537 664 2608 utriusque
727 2549 932 2591 naturae
998 2547 1049 2591 et
1119 2537 1419 2591 substantiae
1446 2578 1465 2608 ,
1523 2549 1572 2592 et
1631 2539 1684 2593 in

182 2628 208 2662 «
253 2628 405 2664 unam
427 2626 635 2667 coeunte
659 2632 946 2685 personam,
987 2624 1211 2685 suscepta
1252 2625 1324 2667 est
1364 2632 1389 2667 a
1427 2615 1684 2670 maiestate

181 2704 209 2738 (ι
255 2685 528 2755 humilitaS,
552 2708 579 2742 a
601 2691 783 2745 virtute
817 2691 1099 2756 infirmitaS,
1125 2691 1188 2742 ab
1216 2691 1509 2745 aeternitate
1537 2709 1683 2745 mor-

182 2779 209 2814 α
256 2762 434 2831 tafitas;
461 2767 594 2819 etad
636 2767 987 2820 resolvendum
1017 2767 1318 2821 conditionis
1360 2768 1558 2822 nostrae
1589 2769 1682 2822 de-

182 2858 212 2892 «
255 2839 434 2908 bitum,
477 2853 649 2896 natura
694 2844 994 2900 inviolabilis
1034 2855 1240 2898 naturae
1278 2854 1350 2899 est
1389 2844 1528 2899 unita
1557 2862 1683 2917 pas-
