1780 3038
241 174 568 231 ecclesiastiea
628 174 865 244 dogmata
905 173 1039 228 trahi
1091 189 1194 227 non
1255 170 1479 239 debent,
1547 189 1684 245 quae

241 254 578 323 unusquisque
608 252 656 304 in
697 268 844 304 sensu
884 267 973 303 suo
1014 249 1275 304 abundans
1300 285 1316 315 ‚
1358 249 1560 304 videtur
1599 267 1685 303 se-

242 330 463 384 cundum
505 328 762 399 propriam
803 328 1101 380 sententiam
1143 326 1413 397 explicare.

307 407 359 458 ὅ.
408 424 433 458 «
479 406 608 458 Nam
648 405 765 475 quia
807 405 1056 458 Dominus
1096 405 1230 457 Iesus
1271 401 1497 455 Christus
1524 401 1684 455 Filius

242 495 301 532 ae
340 482 564 535 Verbum
606 482 699 534 Dei
733 521 749 552 ‚
799 498 890 552 per
930 498 1080 551 quem
1125 480 1248 533 faeta
1289 489 1404 532 sunt
1463 479 1632 532 omnia
1665 517 1685 547 ‚

243 555 348 628 ipse
387 560 449 613 sit
490 575 618 611 unus
658 569 894 629 operator
934 558 1212 614 divinitatis
1252 567 1400 626 atque
1440 553 1687 608 humani-

243 635 374 701 tatiS‚
415 635 594 706 plenae
653 645 767 688 sunt
824 651 994 688 sacrae
1042 634 1214 690 literae
1255 633 1554 687 luculentius
1593 633 1689 692 de-

242 722 574 786 monstrantes
603 708 700 786 (l).
745 712 929 764 Utrum
973 722 1140 765 autem
1182 722 1391 783 propter
1430 726 1582 782 opera
1604 709 1688 762 di-

239 789 461 843 vinitatis
500 799 549 843 et
588 787 931 847 humanitatis,
972 806 1071 841 una
1114 806 1178 842 an
1227 788 1459 857 geminae
1500 803 1688 857 opera-

214 865 401 929 tiones
441 866 656 919 debeant
684 865 941 920 derivatae
964 865 1061 919 diei
1104 864 1184 919 vel
1228 864 1461 934 intelligi,
1505 863 1566 916 ad
1597 881 1690 918 nos

243 942 330 996 ista
372 943 623 1014 pertinere
662 959 763 996 non
805 942 1007 1008 debent,
1050 941 1387 1013 relinquentes
1423 959 1481 995 ea
1511 957 1690 1011 gram-

243 1020 457 1091 matieiS,
500 1021 584 1090 qui
625 1019 788 1072 solent
837 1019 1060 1090 parvulis
1125 1019 1368 1090 exquisita
1410 1017 1689 1072 derivando

243 1097 448 1150 nomina
475 1096 754 1150 venditare.
787 1097 889 1149 Nos
916 1096 1053 1148 enim
1096 1113 1198 1149 non
1220 1091 1504 1150 secundum
1533 1111 1689 1149 unam

243 1173 591 1244 operationem
636 1172 712 1227 vel
744 1172 865 1224 duas
893 1173 1172 1226 Dominum
1202 1172 1368 1226 lesum
1408 1170 1688 1239 Christum,

238 1251 443 1321 eiusque
483 1260 710 1303 sanetum
752 1249 996 1321 Spiritum
1056 1250 1207 1302 saeris
1248 1248 1401 1303 literis
1452 1248 1688 1320 percepi-

241 1344 391 1394 muS‚
434 1327 519 1379 sed
583 1326 959 1379 multiformiter
1015 1326 1352 1396 eognovimus
1398 1337 1683 1396 operatum.

239 1403 494 1475 Scriptum
535 1413 607 1456 est
646 1404 803 1457 enim:
835 1399 898 1458 Si
917 1398 1033 1472 quis
1054 1400 1318 1477 Spiritum
1348 1399 1552 1457 Christi
1578 1421 1688 1457 non

238 1476 416 1547 habet,
473 1476 559 1534 liic
600 1476 711 1534 eius
736 1486 937 1534 nonest
961 1476 1052 1553 (2).
1101 1480 1165 1550 Ει
1206 1480 1346 1533 alibi:
1395 1476 1563 1536 Nemo
1587 1498 1687 1553 po-

240 1564 335 1612 test
381 1553 557 1611 dicere
583 1554 852 1611 Dominus
894 1555 1041 1612 Iesus
1073 1553 1181 1611 nisi
1219 1554 1276 1612 in
1304 1552 1515 1640 Spiritu
1555 1574 1686 1610 scm-

244 1642 344 1688 cto.
396 1630 699 1688 Di'vzsiones
725 1652 849 1687 vero
886 1631 1194 1707 qratzarum
1240 1640 1383 1704 sunt,
1414 1629 1553 1688 idem
1582 1652 1687 1687 au-

242 1718 343 1765 lem
366 1707 622 1784 SpirituS,
652 1719 699 1764 et
727 1706 1012 1766 divisiones
1060 1708 1519 1765 ministrationum
1540 1717 1684 1776 sunt,

240 1783 380 1842 idem
447 1794 623 1841 autem
669 1786 938 1843 Dominus
967 1825 985 1855 ,
1053 1794 1100 1841 et
1149 1784 1434 1842 divisiones
1492 1806 1688 1861 opera-

241 1860 450 1918 tionum
517 1870 640 1918 sunt
669 1904 686 1935 ‚
727 1861 883 1933 ‘idem
927 1883 1054 1919 vero
1101 1863 1247 1919 Deus
1294 1861 1384 1935 qui
1430 1871 1691 1937 operatur

238 1940 424 1995 omnia
467 1937 523 1995 in
572 1937 815 1996 omnibus
855 1939 948 2016 (3).
995 1942 1045 1994 Si
1089 1942 1227 1996 enim
1268 1941 1540 1995 divisiones
1571 1949 1687 1994 sunt

243 2018 431 2071 multae
464 2058 481 2085 ‚
523 2028 573 2072 et
619 2016 709 2071 has
749 2035 925 2072 omnes
967 2018 1146 2072 Deus
1136 2037 1184 2071 in
1230 2019 1470 2072 membris
1514 2018 1688 2071 omni-

238 2094 329 2147 bus
370 2095 507 2166 pleni
551 2095 780 2165 eorporis
839 2107 1079 2166 operatur
1109 2132 1124 2162 ‚
1167 2106 1355 2167 quanto
1399 2095 1556 2165 magis
1595 2111 1687 2148 ca-

237 2171 326 2241 piti
371 2183 542 2226 nostro
584 2170 783 2226 Christo
827 2173 1048 2226 Domino
1090 2170 1217 2226 haec
1258 2183 1462 2244 possunt
1493 2171 1686 2242 plenis-

236 2249 361 2302 sime
404 2246 664 2320 eoaptari‘?
691 2248 752 2302 Ut
790 2261 941 2321 eaput
980 2261 1029 2302 et
1068 2266 1251 2321 eorpus
1291 2267 1449 2302 unum
1475 2250 1535 2301 sit
1564 2266 1686 2319 per-

239 2324 448 2392 lectum,
493 2337 546 2378 ut
589 2325 812 2397 prolecto
854 2336 1108 2392 occurrat,
1150 2328 1275 2379 sieut
1305 2326 1546 2397 seriptum
1586 2336 1683 2396 est,

238 2403 289 2454 in
333 2404 501 2458 virum
543 2402 820 2474 perfeetum
847 2441 863 2472 ‚
907 2405 956 2456 iu
999 2421 1288 2457 mensuram
1354 2403 1527 2456 aetatis
1567 2402 1683 2473 ple-

214 2551 274 2609 (l)
303 2550 361 2596 Ex
392 2559 500 2597 textu
531 2566 689 2609 graeco:
749 2552 859 2598 Unus
885 2560 921 2598 et
954 2554 1053 2597 idem
1076 2569 1244 2611 operans
1275 2553 1407 2599 divt'na
1440 2561 1476 2598 et
1511 2552 1684 2598 humani

153 2609 272 2669 plene
301 2625 439 2655 sacrae
471 2613 611 2655 literae
642 2612 861 2657 luculenter
892 2613 1177 2657 demonstrant.

214 2669 275 2726 (2)
307 2669 423 2715 Rom.
462 2669 628 2715 Vlll.9.

217 2728 276 2787 (3)
307 2729 350 2773 1.
385 2728 476 2774 Cor.
500 2729 591 2775 xll.
628 2731 669 2775 3.
705 2742 745 2776 et
774 2746 888 2791 seqq.
