1780 3038
94 247 298 311 ceptum
338 253 367 288 a
407 234 584 306 Sergio
625 234 840 289 Honorii
882 234 1203 305 Rescriptum
1243 232 1505 303 epistolam
1537 235 1602 288 il-

92 313 188 369 lius
226 330 518 384 corrupere.
561 312 658 365 Sed
699 311 796 366 hoc
837 312 1235 381 praetermisso3
1278 309 1416 372 (nolo
1463 313 1600 367 enim

93 390 366 449 adversarii
427 390 526 445 mei
592 399 892 458 argumento
933 387 1088 460 abuti)
1131 404 1233 442 non
1283 383 1428 441 fuisse
1469 387 1601 443 hanc

91 467 371 540 Epistolam
411 477 701 537 corruptam
742 477 1012 537 antequam
1073 483 1186 518 eam
1227 465 1484 520 Honorius
1526 467 1602 520 le-

92 557 254 614 geret,
294 544 410 596 satis
451 543 769 598 manifestum
811 555 954 614 pum,
996 560 1058 596 ex
1097 559 1197 613 quo
1240 543 1358 614 ipse‘
1396 541 1602 613 Sergius

89 639 202 675 eam
239 621 531 692 scripserit,
574 619 653 674 vel
694 618 869 672 saltem
927 621 1289 691 subscripserit.
1348 616 1602 673 Credibile

89 698 227 752 enim
268 714 330 750 ne
369 708 461 766 est,
504 696 762 767 Sergium,
804 697 889 767 qui
938 708 1128 750 tantam
1170 698 1220 751 in
1261 693 1471 767 epistola
1515 698 1598 751 illa

87 770 445 842 humilitatem,
486 785 535 829 et
574 774 898 830 devotionem
938 791 1059 843 erga
1090 774 1377 827 Romanam
1414 774 1600 828 Sedem

88 850 372 918 affectabat,
414 851 629 907 voluisse
670 852 731 904 ad
775 851 969 922 primae
994 850 1135 904 Sedis
1155 851 1442 903 Antistitem
1472 852 1602 907 alie-

88 944 154 982 na
194 945 348 980 manu
413 929 653 996 seribere3
701 928 779 983 vel
823 928 888 980 ita
929 927 1095 981 aliena
1138 944 1293 980 manu
1335 929 1553 982 scribere
1581 967 1598 996 ‚

89 1014 144 1058 ut
184 1005 287 1075 ipse
327 1005 593 1075 epistolam
633 1022 789 1058 manu
828 1022 916 1058 sua
957 1021 1119 1075 neque
1164 1005 1477 1059 subscribere
1518 1007 1601 1059 di—

84 1078 359 1152 gnaretur?
396 1082 510 1137 Hoc
538 1100 566 1136 a
596 1083 826 1148 veritate,
870 1081 1026 1136 immo
1050 1082 1113 1134 ab
1137 1082 1240 1151 ipsa
1282 1081 1444 1152 Sergii
1486 1100 1601 1136 ma-

86 1157 192 1212 litia
231 1158 454 1214 alienum
482 1171 623 1231 puto.
668 1161 733 1211 At
771 1158 1004 1228 epistolas
1044 1158 1106 1211 ad
1145 1158 1439 1212 Romanum
1466 1160 1599 1213 Pon-

89 1234 274 1289 tificem
302 1235 492 1290 clausas
531 1247 580 1291 et
600 1235 779 1306 Sigillo
810 1237 1026 1289 munitas
1049 1235 1175 1288 mitti
1199 1234 1400 1289 solitum
1429 1236 1598 1307 fuisse,

84 1311 324 1384 exemplo
345 1313 496 1366 simili
520 1314 833 1379 demonstr03
857 1328 918 1365 ex
946 1314 1180 1384 epistola,
1213 1329 1419 1384 nempe,
1449 1331 1602 1383 quam

90 1387 314 1444 Thomas
352 1389 942 1461 Constantinopolitanus
984 1391 1267 1461 Episcopus
1333 1392 1601 1462 scripserat

85 1465 148 1519 ad
187 1463 497 1520 Vitalianum
518 1468 735 1538 Papam,
758 1483 1010 1538 quamque
1030 1468 1230 1522 mittere
1273 1485 1375 1523 non
1417 1479 1601 1539 potue-

85 1553 162 1597 rat
200 1543 265 1598 ob
305 1543 675 1599 Saracenorum
716 1544 1025 1597 incursiones
1067 1545 1376 1617 frequenteS,
1417 1546 1599 1616 quibus

85 1630 203 1674 tunc
244 1622 484 1692 temporis
548 1622 763 1674 Graecia
826 1621 1182 1676 afflictabatur.
1248 1626 1321 1678 Ita
1362 1624 1497 1675 enim
1539 1624 1600 1676 de

82 1714 142 1751 ea
181 1695 364 1751 dicitur
402 1699 614 1753 Actione
653 1696 799 1751 XIII.
831 1698 1042 1752 Concilii
1073 1699 1160 1753 VI.
1206 1701 1458 1771 Georgius
1489 1701 1598 1753 Deo

82 1773 312 1829 amabilis
378 1775 669 1832 Diaconus2
710 1785 759 1828 et
797 1773 1167 1848 chartophylax
1228 1779 1392 1832 dixit:
1464 1774 1597 1831 Cam

81 1845 166 1906 his
204 1848 366 1925 (cum
407 1851 516 1906 aliis
554 1852 752 1923 scriptis
790 1851 1019 1926 scilieet)
1061 1862 1109 1908 et
1148 1852 1454 1910 authentica
1495 1851 1600 1924 Sy-

81 1924 275 1983 nodica
312 1924 536 2000 bullata,
577 1947 710 1999 qaae
747 1925 891 2004 faeta
931 1937 1108 1984 santa
1136 1929 1344 1987 Thema
1385 1938 1598 1985 sanctae

83 2001 381 2060 memoriae
444 2002 711 2078 quondam
776 2004 1110 2061 Patriarclza
1149 2006 1220 2063 ad
1267 2005 1596 2064 Vitalianum

82 2088 295 2137 sanctae
335 2079 624 2138 memoriae
662 2080 928 2155 quondam
971 2081 1182 2157 Papam
1247 2084 1551 2141 Romanam
1579 2126 1596 2155 ‚

81 2176 216 2229 quae
253 2155 415 2215 etiam
454 2158 633 2215 volens
671 2157 744 2214 ad
782 2179 902 2215 eum
941 2157 1192 2233 diriqere,
1230 2171 1451 2236 propter
1490 2159 1599 2215 im·-

74 2231 297 2309 pt'orum
362 2233 760 2292 Saracenorum
827 2234 1104 2294 incursum
1144 2237 1353 2294 assidue
1412 2236 1598 2292 immi-

80 2317 308 2384 nentem,
349 2321 408 2369 ut
444 2310 628 2384 nostia,
670 2322 717 2369 et
755 2310 1114 2381 obsessionem,
1165 2335 1295 2386 qaae
1331 2313 1476 2390 faeta
1526 2324 1598 2369 est

80 2406 179 2461 per
216 2384 507 2458 biennium,
547 2409 648 2462 quo
672 2388 825 2464 qessit
863 2388 1241 2465 episcopatum,
1283 2412 1388 2446 non
1428 2391 1598 2449 valuit

79 2461 328 2537 diriqere.
373 2467 437 2520 Et
476 2467 645 2540 paullo
687 2478 816 2539 post.
858 2465 927 2523 Ec
965 2466 1226 2541 accipiens
1267 2466 1474 2541 Aqaclzo
1504 2490 1593 2523 re-

82 2538 295 2612 liyiosus
332 2545 492 2599 lector
530 2551 577 2599 et
615 2543 857 2600 notari-as
894 2541 1214 2599 sanctissimi
1237 2543 1597 2600 Paericu‘clicee

83 2614 602 2694 Constantinopoleos
657 2618 982 2692 Synodicum
1041 2619 1403 2678 authenticum
1463 2642 1593 2677 san-

83 2701 194 2748 ctae
234 2694 522 2767 memoriae
563 2694 797 2753 Thomae
842 2694 1121 2768 bullatum,
1162 2707 1210 2754 et
1249 2719 1432 2754 coram
1473 2718 1594 2755 om·-

82 2766 235 2826 m'bus
269 2770 507 2846 Bullam,
548 2772 757 2847 quaein
785 2794 842 2831 eo
863 2793 1046 2850 pressa
1083 2773 1281 2850 fue-rat,
1324 2774 1592 2853 atcserens‚
