1780 3038
739 213 813 221 —
859 180 962 233 170
1000 207 1076 222 -ψ-

157 263 326 317 Voluit
365 278 487 330 ergo
526 258 729 329 Sergius
769 258 828 310 ad
869 275 985 326 eum
1025 256 1264 322 scribere,
1305 265 1359 309 ut
1398 256 1459 310 atl
1517 258 1656 311 cius-

155 341 290 393 modi
333 337 622 390 auctoritate
681 344 1018 405 praestantem
1048 370 1064 397 ‚
1106 333 1187 386 cui
1230 350 1406 387 omnes
1449 334 1653 388 obedire

157 425 461 469 tenerentur.

308 491 359 542 2.
386 486 645 540 Haeresim
669 485 814 538 fuisse
837 502 990 536 unam
1012 502 1039 537 e
1061 484 1332 538 maioribus
1353 486 1510 539 causis
1533 485 1660 538 iudi·

155 567 234 620 cio
262 568 300 618 A
310 565 577 637 postolicae
606 563 746 615 Sedis
769 561 1049 630 reservatis,
1073 561 1197 614 adeo
1219 561 1533 631 exploratum
1561 573 1656 632 est,

155 654 210 695 ut
249 643 309 695 ad
353 642 399 694 id
442 640 757 712 probandum
798 648 1095 707 argumenta
1135 637 1313 690 afferre
1350 655 1659 709 supervaca-

154 736 306 771 neum
347 718 648 771 existimem.
690 717 756 767 At
795 714 1159 784 quaestionem,
1201 714 1262 768 de
1302 731 1398 784 qua
1438 716 1504 767 R.
1547 717 1688 768 An·-·.

154 795 356 858 tistitem
397 794 663 847 certiorem
703 792 906 861 Sergius
947 790 1204 858 reddebat,
1252 791 1314 843 de
1351 790 1449 844 fide
1490 791 1658 860 luisse,

153 873 264 939 quis
304 888 524 941 unquam
568 871 617 921 in
659 868 867 921 dubium
908 867 1183 932 revocabit,
1223 867 1262 919 si
1309 867 1469 937 ipsum
1492 868 1661 920 audiat

154 949 492 1001 affirmantem
533 964 622 1016 per
661 946 783 998 duas
836 943 1116 998 voluntates
1155 942 1337 996 Christi
1405 944 1655 996 introduci

153 1025 473 1083 voluntatum
516 1023 736 1093 ipsarum
779 1037 1003 1092 pugnam
1036 1057 1053 1085 ,
1093 1020 1226 1090 quod
1270 1020 1483 1091 impium
1515 1027 1662 1088 esset3

155 1113 304 1172 atque
345 1119 434 1172 per
472 1099 595 1152 duas
634 1098 949 1169 operationes
989 1096 1068 1151 vel
1111 1113 1265 1149 unam
1308 1097 1488 1150 iterum
1528 1098 1667 1151 exci-

157 1179 249 1231 tari
310 1176 538 1230 haereses
594 1175 943 1230 Nestorianam
1009 1186 1057 1226 et
1115 1171 1536 1245 Eutychianatn3
1599 1191 1664 1228 ex

154 1253 398 1308 eiusmodi
441 1253 644 1305 demum
684 1250 1054 1322 quaestionibus
1093 1247 1367 1303 haereseon
1397 1250 1666 1304 dissensio-

153 1348 246 1384 nes
284 1325 450 1383 essici‘?
473 1330 601 1381 Eam
644 1329 795 1397 igitur
834 1329 898 1381 ad
939 1325 1154 1381 tribunal
1215 1327 1478 1380 Romanae
1524 1327 1667 1382 Sedis

152 1407 332 1461 detulit
373 1417 425 1460 ut
463 1405 581 1476 quid
623 1404 892 1459 tenendum
932 1414 1059 1459 esset
1097 1403 1361 1458 Successor
1397 1403 1533 1457 Petri
1573 1403 1669 1458 de·-

156 1492 409 1550 cerneret,
452 1499 553 1534 non
595 1492 761 1535 autem
800 1479 1058 1536 Honorius
1099 1479 1293 1549 privata
1334 1497 1566 1551 persona.

307 1560 360 1613 δ.
385 1559 513 1612 Cum
533 1557 821 1611 Patriarcha
845 1558 1065 1629 Cptanus
1085 1558 1303 1610 Romam
1324 1556 1556 1628 epistolas
1576 1556 1669 1610 mi-

154 1637 240 1704 sit,
280 1634 623 1706 quaestionem
663 1651 984 1706 summopere
1024 1632 1303 1688 excrevisse
1344 1644 1478 1703 patet
1515 1650 1578 1687 ex
1608 1633 1669 1687 iis

156 1730 287 1787 quae
326 1712 446 1766 dicit
486 1728 538 1764 n.
587 1711 676 1764 13.
717 1707 827 1765 Nos
883 1708 1023 1766 enim
1063 1727 1193 1779 quae
1252 1706 1458 1764 dudum
1522 1716 1671 1785 WQW.

155 1792 277 1843 sunl
345 1783 605 1843 memoria
645 1784 919 1841 retinentes
946 1824 965 1855 ‚
1029 1795 1077 1840 et
1114 1789 1399 1841 tumultum
1456 1782 1549 1858 qui
1602 1800 1672 1840 ea:

157 1861 462 1921 huiusmodi
502 1861 730 1918 motione
769 1861 957 1936 coepit,
995 1860 1230 1930 sciente83
1272 1880 1432 1934 eaque
1472 1863 1671 1918 ratione

159 1942 447 1995 necessitate
485 1940 799 2012 compulsum
838 1958 891 1994 se
929 1941 1048 1994 dicit
1112 1938 1174 1992 de
1213 1957 1268 1992 re
1307 1940 1369 1992 ad
1408 1940 1474 1993 R.
1519 1940 1670 1993 Anti-

158 2019 323 2071 stitem
362 2018 599 2071 scribere:
642 2010 956 2071 ration-abile
995 2011 1156 2070 simul
1214 2022 1261 2070 et
1319 2015 1670 2072 necessarium

158 2091 517 2149 iudicavimus
555 2089 618 2147 de
657 2088 761 2159 his,
803 2111 934 2163 quae
973 2091 1175 2165 partim
1214 2102 1511 2148 memorata
1549 2098 1673 2148 sunt

160 2167 510 2242 coqnitionem
548 2165 679 2224 clare
715 2176 919 2228 vestrae
954 2167 1225 2242 fraternae
1247 2175 1398 2239 atque
1424 2166 1676 2226 unanimi

159 2244 512 2302 Bealiludim'.
582 2245 785 2315 Sergius
850 2246 1017 2316 itaque
1082 2245 1263 2298 fatetur
1324 2263 1376 2299 se
1441 2247 1675 2318 epistolas

161 2323 362 2376 mittere
404 2324 539 2376 iuxta
580 2333 833 2392 receptam
872 2320 1283 2376 consuetudinem
1324 2321 1582 2377 deferendi
1610 2323 1674 2378 ad

162 2398 382 2452 tribunal
415 2400 479 2452 R.
513 2398 765 2453 Ecclesiae
808 2413 1176 2469 quamcumque
1203 2399 1675 2455 exorientemcirca

164 2475 320 2529 sidem
359 2476 722 2546 quaestionem.
766 2476 926 2529 Nemo
994 2487 1161 2529 autem
1199 2492 1299 2529 non
1340 2478 1482 2530 novit
1539 2476 1676 2532 hisce

165 2552 226 2605 de
271 2553 418 2606 rebus
462 2552 628 2605 literas
667 2553 729 2605 ad
768 2553 920 2606 Rom.
963 2551 1262 2607 Pontificem
1303 2553 1479 2624 mitti,
1521 2564 1574 2607 ut
1613 2554 1676 2607 ad

166 2629 439 2682 universae
483 2628 733 2682 Ecclesiae
773 2629 1067 2695 Primatem‚
1107 2629 1234 2683 sieut
1271 2629 1449 2683 missae
1481 2629 1677 2684 fuerant

169 2705 231 2755 ab
275 2704 569 2759 Alexandro
610 2715 659 2759 et
697 2705 888 2776 Cyrillo
926 2705 1259 2760 Alexandriae
1298 2716 1348 2759 et
1371 2724 1400 2759 a
1430 2706 1678 2764 Flaviano

164 2779 309 2852 Cplis
357 2781 638 2855 EpiscopiS,
679 2793 733 2837 ut
771 2788 960 2839 ceteros
998 2781 1412 2858 praetermittam.
