1780 3038
12 2521 18 2528 ’
91 2520 198 2578 ipsa,
220 2535 296 2578 qua
316 2519 549 2578 [inigenitus
579 2520 799 2578 consempiz-

643 190 978 244 -167—

327 335 382 414 S.
424 335 530 415 Leo
1043 333 1298 390 Honorius

66 465 198 513 sibilis
229 467 267 510 in
298 467 393 520 suis,
423 468 594 514 visibilis
651 469 775 513 sactus
850 470 939 513 culo
971 476 1046 518 est;
1091 474 1131 510 et
1171 467 1237 524 qui
1287 466 1412 524 legem
1447 465 1556 510 dedit

67 535 131 571 est
151 528 189 570 in
204 527 348 578 nostri,
366 527 772 585 incomprehensibilis
852 529 977 572 sactus
1005 526 1078 570 sub
1101 526 1188 582 lege
1210 533 1283 574 est.
1308 535 1347 570 ut
1379 539 1461 577 eos,
1488 524 1556 582 qui

69 585 195 630 votuit
225 586 531 643 comprehendi;
557 593 647 629 aute
679 593 778 629 tem-
851 586 924 630 sub
955 586 1042 643 lege
1071 592 1198 637 erant,
1232 583 1475 630 redimeret..

70 655 170 702 pora·
182 657 343 687 manens
357 645 590 703 ers‘e‘coepit
611 656 660 687 ex
680 652 780 687 tem-

73 715 188 760 pore.
203 700 393 750 Universit
407 704 475 746 atis
486 701 675 746 Dominus
697 717 781 746 ser·—

81 759 202 804 vilem
231 761 408 813 sormam,
442 760 674 805 obumbrata
701 775 783 803 ma-

73 817 227 863 iestatis
252 832 347 862 suae
370 820 631 863 immensitate
650 833 786 863 susce-

73 877 148 934 pit:
181 877 428 935 impassibilis
458 877 563 921 Deus
594 891 671 920 non
705 878 783 921 de·-

73 933 258 992 dignatus
290 944 351 979 est
380 936 496 980 homo
528 950 614 979 esse
643 936 777 1002 passi-—

74 991 183 1045 bitis,
217 1002 257 1038 et
288 994 513 1038 immortalis
543 1002 677 1038 mortis
715 994 783 1039 le-

75 1051 193 1109 gibus
223 1052 441 1098 subiacere.

133 1108 262 1156 Num.
292 1109 333 1155 4.
368 1110 783 1168 Agitutraquei'orma
916 1107 1039 1160 Num.
1089 1109 1129 1157 2.
1175 1127 1236 1171 ep.
1286 1113 1327 1165 2,
1370 1108 1583 1171 Utrasque

78 1181 167 1213 oum
196 1170 354 1214 alterius
383 1171 656 1214 commuuione
680 1169 784 1225 quod
860 1180 1017 1216 naturas
1049 1172 1088 1216 in
1120 1186 1195 1215 uno
1226 1171 1386 1217 Christo
1415 1171 1563 1215 unitate

79 1227 281 1285 proprium
330 1238 423 1281 est;
474 1227 604 1272 Verbo
631 1228 784 1271 scilicet
860 1231 1023 1274 naturali
1070 1231 1292 1289 copulatas,
1330 1244 1420 1274 cum
1454 1229 1564 1273 aite-

79 1296 270 1344 operante
291 1287 395 1344 quod
410 1285 526 1331 Verbi
548 1293 621 1336 est,
647 1295 782 1330 etcar·
862 1290 941 1333 rius
988 1289 1260 1334 communione
1306 1296 1513 1346 operantes
1548 1322 1559 1339 ‚

81 1354 396 1404 rte-exsequente
426 1343 532 1404 quod
562 1346 690 1389 carnis
706 1353 780 1389 est.
861 1356 982 1405 atque
1013 1347 1252 1406 operatrices
1273 1348 1451 1391 confiteri
1482 1347 1564 1390 dc-

170 1422 173 1427 ·
863 1407 1000 1450 bemus
1040 1421 1050 1457 ;
1088 1414 1130 1450 et
1177 1405 1352 1450 divinam
1399 1403 1560 1463 quidem

863 1479 966 1522 quae
999 1463 1073 1508 Dei
1102 1472 1192 1508 sunt.
1222 1471 1476 1523 operantem.
1525 1470 1570 1506 et

863 1524 1067 1567 humanam
1087 1538 1186 1582 quae
1208 1523 1336 1567 carnis
1359 1530 1449 1566 sunt
1473 1535 1566 1566 exe-

864 1591 1063 1640 quentem.

927 1639 1041 1685 Nam.
1077 1639 1117 1684 2.
1152 1638 1203 1683 Et
1233 1640 1298 1698 qui
1346 1639 1567 1683 coruscavit

867 1700 906 1743 in
937 1714 1054 1743 carne
1086 1698 1201 1757 plena
1223 1698 1366 1742 divinis
1392 1698 1580 1742 miracu-⁶1

868 1758 930 1808 lis,
950 1758 1035 1815 ipse
1066 1765 1184 1801 estet
1214 1771 1378 1802 carneus
1398 1758 1569 1802 effectus

827 1820 836 2239 i
869 1816 987 1877 plene
1002 1816 1109 1862 Deus
1139 1824 1180 1861 et
1208 1815 1341 1860 homo.

145 1637 270 1686 Num.
297 1639 341 1685 4.
362 1638 440 1695 Qui
460 1640 566 1684 euim
583 1653 699 1684 verus
729 1645 788 1683 est

85 1692 219 1750 Deus,
254 1698 364 1743 idem
415 1714 532 1744 verus
563 1707 623 1742 est
653 1698 784 1741 homo.

84 1751 213 1803 Unum
244 1757 380 1802 horum
412 1765 592 1801 coruscat
622 1757 789 1810 miracu-

86 1814 151 1867 lis,
164 1815 268 1862 aliud
283 1818 501 1861 succumbit
514 1816 676 1860 iniuriis.
687 1814 794 1860 Unus

85 1874 196 1919 enim
218 1875 399 1934 idemque
416 1884 628 1920 est...vere
643 1872 717 1917 Dei
739 1874 795 1916 fi-

87 1931 180 1979 lius.
218 1941 259 1977 et
290 1948 386 1978 vere
417 1934 591 1978 hominis
622 1933 738 1976 filius.

147 1991 271 2039 Num.
305 1992 532 2052 5.Propter
563 1993 666 2036 hanc
698 2004 793 2048 ergo

928 1991 1050 2039 Num.
1085 1992 1127 2038 2.
1142 1991 1346 2036 Passiones
1356 1976 1396 2036 εἰ
1415 2004 1571 2050 oppro..

90 2052 283 2096 unitatem
325 2066 516 2110 personae
556 2051 596 2095 in
629 2058 793 2107 utraque

871 2050 956 2096 bria
989 2054 1134 2111 patitur
1164 2065 1261 2095 unus
1293 2050 1481 2096 mediator
1494 2052 1571 2097 Dei

871 2119 910 2155 et
949 2111 1149 2154 homiuum
1193 2110 1234 2153 in
1276 2110 1450 2166 utrisque
1499 2127 1571 2156 na-

872 2171 987 2222 turis,
1023 2169 1191 2214 Verbum
1221 2182 1313 2212 caro
1335 2168 1494 2219 sactum,
1530 2179 1571 2215 et

873 2228 1065 2272 habitavit
1096 2228 1136 2271 in
1167 2227 1280 2270 nobis
1303 2260 1313 2275 ,
1346 2224 1430 2284 ipse
1469 2228 1572 2274 filius

873 2287 1039 2331 hominis
1070 2286 1120 2330 de
1151 2285 1261 2329 coelo
1294 2283 1567 2339 descendens,

876 2359 974 2389 unus
989 2354 1106 2403 atque
1123 2344 1241 2394 idem,
1275 2344 1571 2402 sicutscriptum

874 2412 948 2453 est.
983 2404 1187 2448 crucifixus
1231 2401 1419 2446 Dominus
1450 2406 1573 2448 maie-

874 2463 1000 2514 statis,
1036 2463 1130 2506 dum
1152 2469 1303 2506 constet
1324 2459 1572 2509 divinitatem

875 2521 998 2564 nullas
1028 2534 1142 2579 posse
1191 2518 1341 2578 perpeti
1387 2517 1574 2566 humanas

870 2579 1190 2636 passiones....Si
1230 2579 1332 2621 enim
1362 2580 1574 2634 cognovis-

874 2647 976 2687 sent,
1002 2651 1210 2695 numquam
1239 2635 1450 2679 Dominum
1483 2652 1576 2682 ma-

90 2119 227 2154 natura
258 2110 568 2167 intelligendam,
603 2116 643 2152 et
678 2109 794 2152 Filius
828 2136 830 2138 -

89 2168 259 2213 hominis
290 2169 430 2227 iegitur
463 2167 712 2213 descendisse
745 2167 794 2211 de

92 2227 204 2272 coelo
226 2263 236 2279 ,
271 2242 360 2271 cum
395 2227 513 2272 Fiiius
533 2226 606 2271 Dei
638 2238 794 2269 carnem

93 2285 144 2330 de
159 2300 206 2330 ea
219 2285 390 2344 Virgine,
406 2285 456 2330 de
487 2300 563 2344 quo
584 2293 643 2329 est
666 2293 793 2335 natus,

91 2345 363 2402 assumpserit.
406 2343 456 2389 Et
502 2358 630 2388 rursus
678 2343 797 2388 Filius

94 2400 170 2447 Dei
186 2404 389 2448 crucifixus
411 2403 551 2447 dicitur
581 2417 628 2446 ac
657 2402 798 2460 sepul—

88 2467 173 2513 tus,
201 2477 287 2506 cum
303 2462 399 2506 haec
420 2477 499 2507 non
530 2462 570 2506 in
594 2461 798 2506 divinitate

100 2586 234 2623 ternus
275 2589 315 2623 et
363 2579 703 2623 consubstantialis
739 2586 798 2622 est

99 2638 222 2691 Patri,
257 2638 326 2682 sed
357 2639 396 2682 in
426 2647 585 2682 naturae
608 2639 798 2682 humanae

0 2729 2 2735 ι
27 2701 31 2704 ’
98 2698 152 2753 sit
182 2698 402 2741 infirmitate
434 2711 652 2756 perpessus.
686 2695 800 2740 Unde
878 2696 1024 2740 iestatis
1045 2695 1337 2740 crucifixissent·
1362 2693 1463 2738 Dum
1484 2710 1575 2754 pro-

0 2742 23 2812 ἶ
102 2754 353 2815 Unigenitum
375 2754 513 2801 Filium
545 2754 619 2801 Dei
649 2755 804 2820 crucifi-
872 2754 975 2800 fecto
987 2754 1168 2801 divinitas
1183 2768 1256 2799 nec
1288 2753 1464 2811 crucifigi
1495 2769 1575 2814 po-
