1780 3038
98 258 126 293 a
170 240 321 295 nionc
348 238 604 310 utriusque
628 246 842 298 naturae
869 240 1112 295 condecet
1132 234 1443 310 operatum?
1472 258 1499 292 i>
1529 237 1607 314 (1)

95 317 174 370 Ex
237 317 416 386 quibus
475 316 540 369 ita
581 329 938 386 argumentum
1003 316 1225 369 instituo.
1276 315 1431 368 quta
1485 316 1608 371 Ho=

94 393 318 458 norium3
362 397 426 446 ita
466 409 517 445 se
556 392 735 446 habuit
775 395 1001 464 operatio
1042 393 1195 447 Verbi
1237 392 1297 445 ad
1347 393 1608 462 operatio-

93 486 182 522 nes
222 467 544 523 humanitatis
600 487 740 534 suae,
782 471 945 524 debita
1005 471 1332 541 proportione
1388 480 1607 536 servata,

91 547 218 599 sicut
263 563 314 599 se
355 545 506 599 habet
545 546 770 617 operatio
823 548 1038 618 Spiritus
1097 546 1268 600 Sancti
1326 544 1479 599 relate
1544 546 1610 600 ad

94 622 316 676 actiones
355 620 644 690 hominum3
675 623 810 693 atqui
846 626 968 678 dum
994 623 1224 694 Spiritus
1250 623 1467 676 Sanctus
1506 623 1612 693 agit.

96 699 145 752 in
186 700 409 753 animam
431 698 728 766 humanam,
770 700 875 754 eius
902 701 1209 755 activitatem
1242 715 1346 754 non
1378 700 1610 769 impedit,

93 792 257 846 neque
295 777 448 830 officit
489 787 541 830 ut
580 779 902 847 operationes
943 778 1033 849 ipsi
1077 777 1226 830 tribui
1269 792 1375 830 non
1418 777 1612 847 possint

93 863 179 905 aut
218 870 321 907 non
362 853 595 921 debeant3
637 870 759 923 ergo
803 854 933 907 idem
962 855 1230 908 dicendum
1259 864 1330 907 est
1359 853 1610 907 de'actio-

93 946 158 982 ne
196 929 350 983 Verbi
395 931 444 983 in
484 948 625 984 suam
654 928 1043 984 humanitatem.
1092 932 1143 985 4.
1189 929 1399 985 Fatetur
1424 929 1612 985 Hono-

91 1006 195 1059 rius
233 1007 566 1061 Mediatorcm
607 1007 701 1059 Dei
744 1019 794 1060 et
834 1006 1098 1061 hominum
1158 1007 1309 1077 piene
1348 1017 1396 1060 et
1437 1007 1612 1077 perse-

89 1093 190 1150 cte,
231 1084 499 1156 multisque
541 1084 700 1137 modis
739 1090 791 1138 et
820 1084 1156 1139 ineffabilibus
1184 1093 1474 1155 operatum,
1505 1101 1610 1138 non

89 1159 385 1230 simpliciter
424 1172 472 1215 et
512 1160 735 1214 absolute
759 1198 775 1227 ,
817 1162 901 1215 sed
942 1160 1309 1216 communione
1352 1161 1612 1232 utriusque

89 1247 318 1306 naturae3
357 1247 407 1291 at
445 1238 700 1309 quomodo
743 1238 791 1291 id
831 1238 1086 1292 affirmare
1126 1238 1384 1309 potuisset,
1425 1237 1464 1290 si
1508 1255 1612 1308 pu-

90 1323 236 1366 tasset
276 1317 623 1386 operationem
653 1312 980 1368 humanitatis
1003 1308 1312 1386 passivam‘?;
1338 1331 1440 1367 non
1469 1314 1608 1368 enim

90 1387 313 1444 humana
336 1391 773 1446 communicasset
802 1393 1085 1462 operationi
1120 1391 1296 1458 Verbi,
1319 1408 1434 1444 cum
1468 1392 1610 1461 quod

90 1469 285 1538 passive
324 1470 534 1522 omnino
573 1485 624 1522 se
663 1467 814 1521 habet
854 1486 956 1522 non
999 1468 1343 1523 communicat
1403 1467 1612 1521 alterius

89 1544 298 1611 actioni,
337 1546 421 1599 sed
464 1546 672 1617 patitur3
714 1545 875 1616 passio
918 1563 1038 1600 vero
1080 1564 1181 1599 non
1210 1556 1283 1599 est
1315 1546 1613 1600 communi-

88 1622 242 1688 catio,
283 1639 399 1676 cum
440 1621 565 1676 haec
605 1623 739 1676 dicat
763 1619 1231 1696 participationem
1254 1642 1355 1697 per
1381 1618 1614 1676 liberum

88 1696 372 1753 voluntatis
411 1717 734 1754 consensum.
780 1700 832 1752 5.
877 1700 993 1769 quia
1053 1700 1201 1753 unica
1272 1701 1399 1754 ratio
1431 1735 1448 1766 ‚
1509 1715 1609 1768 qua

89 1776 360 1830 adversarii
403 1786 591 1847 negant
618 1809 638 1843 ,
679 1774 955 1829 humanam
996 1777 1343 1848 operationem
1382 1792 1445 1830 ex
1484 1776 1615 1828 acti-

88 1870 155 1906 vo
216 1853 466 1924 principio
527 1854 884 1925 procedentem
925 1871 1042 1906 eum
1118 1854 1377 1907 admisisse
1409 1890 1426 1920 ‚
1491 1862 1563 1905 est
1592 1890 1612 1920 ‚

87 1930 222 1998 quod
262 1928 514 1984 Christum
554 1940 698 1984 vocet
738 1942 1057 2000 operatorem
1089 1931 1347 2001 utriusque
1377 1939 1608 1982 naturae..

87 2008 153 2058 At
193 2006 240 2059 id
281 2008 512 2078 probabit
540 2008 709 2077 utique
742 2007 966 2059 Verbum
1002 2008 1066 2060 ab
1101 2007 1336 2062 Honorio
1381 2016 1611 2076 putatum

88 2092 143 2135 ut
180 2083 484 2155 principium
524 2085 659 2155 quod
701 2084 1012 2155 operabatur
1058 2085 1210 2138 ctiam
1275 2084 1324 2137 in
1384 2082 1610 2135 humana

90 2170 266 2213 natura
297 2197 314 2226 ,
356 2179 457 2215 non
502 2179 623 2215 vero
665 2171 718 2213 ut
776 2162 1090 2232 principium
1130 2178 1230 2232 quo
1286 2160 1611 2232 operationes

87 2236 431 2292 eliciebantur.
474 2237 733 2309 Siquidem
791 2237 920 2292 nihil
962 2238 1097 2291 aliud
1127 2248 1199 2292 est
1245 2237 1376 2292 dicta
1404 2248 1613 2290 senten-

143 2412 204 2471 (2)
233 2412 409 2458 Identice
438 2428 595 2474 prorsus
625 2428 711 2458 cum
743 2412 921 2459 Honorio
953 2413 1194 2473 Sophronias
1232 2414 1271 2458 in
1322 2408 1500 2467 epistola·
1538 2413 1611 2458 cit,

87 2471 197 2517 dicit:
230 2472 348 2518 Sicut
379 2473 478 2517 enim
508 2474 549 2517 in
580 2473 736 2518 Christo
758 2481 927 2531 utraque
951 2481 1100 2518 natura
1127 2473 1362 2517 indiminute
1381 2471 1614 2529 proprieta-

87 2537 162 2575 tem
191 2546 304 2576 suam
334 2533 537 2586 custodit3
570 2533 629 2576 ita
661 2539 696 2576 et
727 2541 915 2590 operatur
947 2542 1116 2588 utraque
1146 2533 1280 2591 forma
1319 2542 1404 2574 cum
1436 2530 1479 2574 al
1490 2531 1617 2574 terius

87 2591 352 2635 communione
381 2591 486 2648 quod
510 2591 718 2649 proprium
764 2590 909 2642 habet,
960 2591 1081 2637 Verbo
1118 2597 1304 2647 operante
1346 2588 1453 2642 quod
1491 2587 1617 2633 Verbi

0 2667 4 2671 ·
87 2651 158 2701 eet,
191 2655 228 2692 et
257 2664 374 2693 earne
404 2658 612 2707 exequente
642 2650 748 2707 quod
776 2650 911 2693 carnis
941 2657 1025 2702 est,
1059 2650 1366 2693 communicante
1397 2645 1433 2688 ei
1462 2647 1612 2692 videli-

88 2713 146 2751 cet
181 2706 299 2751 Verbo
329 2709 370 2752 in
401 2710 531 2753 eadem
561 2710 799 2767 operatione,
825 2708 916 2751 dum
948 2709 1103 2765 quando
1136 2707 1228 2751 haec
1259 2707 1299 2750 in
1343 2719 1424 2747 una
1467 2707 1611 2750 subsi-

83 2767 229 2811 scentia
257 2776 555 2825 εοῃηοεεαηιιιν,
590 2775 626 2811 et
656 2769 696 2811 in
726 2782 806 2811 una
826 2782 996 2823 persona
1021 2766 1326 2816 considerentur,
1354 2770 1391 2806 et
1408 2764 1609 2808 insulsis-

83 2827 222 2894 simam
269 2828 472 2873 sectionem
511 2826 757 2885 propellant.
809 2825 982 2885 Uterque
1047 2839 1141 2873 vero
1191 2836 1379 2883 magnum
1437 2822 1610 2870 Leonem

81 2899 322 2946 excripsere.
