1780 3038
46 242 353 315 -humanam3
395 251 543 314 atque
584 245 775 298 etiamsi
818 246 994 300 divina
1027 246 1110 314 sit,
1154 255 1322 300 tamen
1363 263 1423 299 ex
1454 244 1551 299 boc

56 337 158 374 non
190 318 359 388 sequi,
399 338 514 373 eum
557 321 618 373 ab
659 321 877 375 humana
918 321 1097 375 Christi
1145 335 1319 376 natura
1361 321 1551 374 ‘volun-

55 407 206 449 tatem
249 395 462 449 activam
531 397 791 450 exclusisse
836 435 851 462 ,
921 416 1088 453 nonne
1149 399 1245 452 boe
1297 399 1401 469 ipso
1461 397 1555 449 de-

57 480 385 525 monstratum
450 473 544 525 crit
582 474 704 526 duas
746 474 793 525 in
834 473 1029 528 Christo
1070 476 1320 529 admisisse
1369 472 1556 528 volun-

58 544 214 602 tates‘?
256 547 310 601 td
352 559 517 601 autem
559 549 897 603 demonstrare
938 552 1148 605 arduum
1191 551 1411 624 prolecto
1453 567 1554 602 non

52 635 127 678 est
167 635 272 676 tum
315 625 592 679 intrinsecis
651 627 955 696 argumentis
1016 629 1238 683 deductis
1297 645 1357 681 ex
1408 627 1560 697 ipsius

54 700 295 772 epistolae
333 703 576 754 contextis
615 704 873 756 sententiis
900 740 915 768 ‚
960 713 1063 757 tum
1111 704 1422 773 extrinsecis,
1464 721 1556 756 eo-

55 793 169 830 rum
207 776 393 832 scilicet
433 779 737 850 testimonio,
778 780 861 849 qui
903 780 1116 835 Honorii
1158 789 1378 870 mentem
1434 780 1560 832 iuri-

53 852 165 908 dicc
204 863 318 906 sunt
358 854 687 924 interpretati.

133 930 196 982 Et
246 931 409 1000 quoad
451 940 745 1000 argumenta
787 931 1071 986 intrinseca.
1114 934 1274 987 Nemo
1316 902 1560 986 dubitabit

59 1005 263 1060 citatam
307 1007 606 1060 sententiam
673 1007 844 1061 referri
900 1010 959 1061 ad
1024 1007 1104 1062 illa
1149 1010 1311 1080 Sergii
1363 1009 1554 1062 verba

56 1079 284 1156 Insuper
326 1095 373 1138 ec
410 1102 720 1154 comeqttens
765 1082 813 1138 ei
850 1081 915 1139 fsrl
963 1082 1251 1158 (affirmanti
1280 1087 1403 1139 duas
1431 1102 1559 1155 ope-

61 1158 297 1243 rationes)
330 1157 647 1243 praedicare
685 1158 820 1214 duas
847 1160 1138 1216 voluntates
1159 1158 1560 1217 contiarietates

57 1231 204 1290 circa
226 1233 447 1290 invicem
476 1231 738 1301 habentem,
763 1245 1020 1306 tanquam
1061 1237 1172 1292 Deo
1192 1235 1400 1309 quidem
1438 1235 1565 1291 Ver-

57 1305 122 1366 bo
141 1310 429 1367 salutarem
450 1310 646 1366 volente
673 1309 973 1385 adimpleii
976 1311 1292 1386 passionem,
1317 1309 1564 1369 hnmani·

55 1393 162 1443 tate
201 1406 325 1442 vero
365 1407 473 1443 evit-5
494 1384 760 1443 obsistente
781 1408 890 1443 ems
916 1388 1177 1444 voluntati
1203 1399 1249 1444 et
1279 1386 1562 1458 resistente,

57 1472 107 1519 e!
135 1462 372 1549 perinde
393 1461 501 1520 duo
547 1463 824 1519 contraria
865 1464 1088 1521 volentes
1128 1463 1570 1532 introdetcartttc13

57 1538 199 1613 quod
238 1538 463 1615 tmpium
503 1549 592 1595 est.
600 1542 697 1606 Qui
687 1543 793 1594 ¹bus
833 1542 1036 1613 Sergius
1074 1543 1340 1597 excludere
1364 1542 1565 1597 volebat

59 1635 91 1671 a
112 1617 308 1672 Christo
334 1618 642 1673 voluntatem
673 1618 973 1685 naturalem,
1004 1636 1116 1672 cum
1147 1620 1412 1674 contendat
1439 1619 1567 1672 duos

60 1695 312 1749 contraria
372 1694 595 1750 volentes
634 1712 725 1766 per
767 1694 814 1746 id
858 1695 1123 1765 introduci3
1187 1697 1320 1766 quod
1363 1713 1463 1749 non
1505 1695 1567 1748 ad

62 1771 221 1860 aliud,
262 1788 415 1842 quam
456 1772 517 1824 ad
558 1770 842 1824 facultatem
881 1773 1054 1826 referri
1085 1775 1264 1844 potest,
1295 1781 1379 1826 aut
1400 1772 1569 1838 debet

63 1848 155 1902 nisi
186 1847 398 1903 velimus
423 1848 588 1902 dicere
617 1847 768 1919 (quod
792 1848 1120 1903 demonstrari
1175 1855 1337 1920 posset
1362 1865 1425 1903 ex
1452 1849 1572 1919 ipsa

62 1922 291 1998 epistola>
314 1942 430 1977 eum
472 1934 666 1996 putasse
707 1926 939 1978 renovari
971 1943 1071 1997 per
1102 1926 1415 1980 voluntatum
1442 1926 1571 1978 dua—

65 2001 255 2055 litatem
297 2002 418 2054 duas
446 2007 716 2072 personas3
758 2011 805 2053 et
846 2003 1058 2072 proinde
1103 2001 1351 2055 haeresim
1390 2002 1572 2055 Nesto—

65 2078 281 2146 rianam3
308 2078 440 2148 quod
474 2089 638 2130 tamen
668 2077 717 2129 in
754 2078 883 2130 idem
917 2080 1106 2133 recidit.
1140 2080 1425 2133 Honor-ium
1451 2096 1536 2131 vei
1540 2096 1569 2131 0

66 2154 244 2225 Sergio
287 2155 373 2207 ista
415 2154 597 2207 direnti
627 2146 927 2224 respondere
975 2156 1210 2224 voluisse,
1242 2155 1570 2209 certissimum

66 2242 161 2298 est,
189 2249 251 2285 ex
283 2248 381 2302 quo
423 2231 589 2301 paullo
619 2242 728 2301 post
756 2231 804 2284 in
830 2233 1049 2286 medium
1074 2232 1290 2303 proferat
1319 2232 1398 2284 illa
1420 2230 1574 2282 Chri-

66 2308 126 2361 sti
170 2309 340 2362 verba.
384 2305 506 2364 Non
559 2304 697 2378 qnod
738 2326 826 2379 eqo
873 2307 1012 2379 vole,
1067 2306 1156 2363 sed
1204 2305 1342 2379 quod
1387 2315 1444 2361 tu
1492 2304 1572 2360 tis

52 2382 279 2451 Pater,
321 2384 380 2437 ad
422 2401 551 2454 quae
592 2383 674 2436 ille
714 2383 906 2437 alludit.
950 2386 1206 2440 Honorius
1254 2386 1417 2453 itaque
1455 2399 1581 2436 cum

70 2461 215 2514 dixit:
249 2459 422 2516 Unam
475 2457 796 2514 voluntatem
842 2458 1077 2535 fatemur
1126 2458 1349 2516 Domini
1391 2457 1574 2514 Nomi

74 2535 194 2592 Iesu
215 2534 437 2603 Chresti,
462 2537 661 2590 volebat
683 2537 1028 2591 demonstrare
1051 2538 1326 2591 nullimode
1349 2552 1575 2607 pugnam

74 2612 389 2668 'voluntatum
432 2614 480 2665 in
523 2613 721 2667 Christo
743 2614 971 2667 existere.
1015 2618 1077 2668 At
1117 2615 1320 2702 Sergius
1359 2619 1576 2665 conten—

71 2690 223 2743 debat
266 2690 403 2761 sequi
464 2690 780 2744 voluntatum
841 2706 1110 2762 pugnam,
1170 2691 1207 2743 si
1270 2692 1318 2743 in
1378 2686 1584 2741 Christo

78 2766 207 2821 duae
266 2766 549 2824 voluntates
612 2766 1039 2836 admitterentur3
1098 2784 1220 2839 crgo
1288 2776 1341 2819 ut
1397 2765 1591 2836 Sergio»

1390 2843 1432 2894 9..
