1780 3038
135 259 164 294 α
207 231 471 292 haereseos
509 250 711 307 prorsus
737 237 1095 306 convellentes,
1117 253 1302 310 eosque
1340 235 1494 295 armis
1522 238 1631 311 spt-

118 333 165 368 .«
213 312 472 366 ritualibus
500 311 818 383 paternisque
847 315 1220 384 aggredientes,
1242 325 1292 368 et
1330 313 1525 385 linquas
1545 334 1640 370 eo-

133 411 162 446 «
208 406 344 459 rum,
369 405 433 442 ne
473 389 603 441 inter
641 405 693 441 se
733 391 1113 446 accommodate
1136 390 1482 461 loquerentur,
1510 408 1640 445 eon-

132 488 161 522 «
207 465 490 531 sundenteS‚
531 474 809 518 extructam
855 466 918 518 ab
962 467 1019 520 iis
1060 467 1382 538 impiissimae
1420 466 1639 522 haeresis

130 564 158 599 α
204 543 384 596 turrim
422 542 731 607 subruimu3‚
761 558 819 595 ae
860 541 991 613 ipsos
1021 555 1075 596 ut
1106 544 1271 615 lapsos
1309 544 1443 597 circa
1484 545 1637 598 sudem

131 641 159 676 «
204 635 264 673 ae
303 629 590 691 peccatores
619 654 637 682 ‚
681 618 731 670 in
772 620 1028 672 matutinis
1068 632 1208 675 extra
1258 631 1418 674 eastra
1477 621 1639 675 atrio-

129 717 158 753 «
203 713 317 750 rum
356 695 476 762 Dei,
515 704 572 749 ut
609 693 839 749 davidice
879 694 1188 766 loquamur,
1232 695 1639 751 anathematibus

128 792 158 829 ι
204 772 563 840 interfecimus,
601 787 665 825 ex
690 771 934 825 sententia
959 789 1048 843 per
1073 789 1236 827 sacras
1257 783 1444 827 vestras
1472 774 1639 828 literas

128 867 158 905 α
201 849 264 903 de
303 849 361 902 iis
401 849 540 919 prius
578 847 676 900 lata
700 886 718 918 ‚
761 847 996 901 videlicet
1052 847 1381 903 Theodorum
1421 849 1636 922 Episco-

125 944 155 980 α
201 943 323 998 pum
360 924 588 995 Pharan,
628 923 888 994 Sergium,
918 924 1229 991 Honorium‚
1252 925 1467 998 Cyrum,
1497 927 1635 981 Pau-

125 1020 155 1057 «
201 1002 307 1056 lum
336 1038 354 1070 ‚
394 1000 636 1055 Pit-rhum
700 1012 750 1055 et
790 1002 1018 1054 Petrum.
1074 1002 1153 1055 Ad
1218 1000 1316 1057 hoe
1376 1013 1545 1057 autem
1586 1016 1639 1058 et

123 1097 153 1134 ι
198 1088 311 1150 post
347 1095 434 1133 eos
474 1076 878 1133 anathematibus
947 1076 1318 1133 haeretieorum
1379 1077 1502 1133 iuste
1547 1097 1638 1133 su-

122 1176 152 1212 «
198 1155 442 1211 bieeimus
481 1165 532 1210 et
572 1172 660 1210 eos
697 1154 784 1224 qui
826 1154 1030 1223 vivunt,
1062 1166 1287 1226 suscepta
1312 1155 1512 1208 illorum
1536 1156 1643 1208 im-

122 1242 152 1286 «
197 1233 381 1304 pietate
420 1244 518 1287 ete.
567 1249 595 1285 »
637 1230 751 1296 Quo
794 1231 845 1284 in
885 1229 997 1285 loco
1043 1231 1093 1284 1.
1152 1233 1324 1286 Patres
1385 1244 1640 1302 reponunt.

117 1306 407 1364 Honorium
444 1309 573 1362 inter
611 1306 892 1362 haereticos
925 1308 1132 1380 proprie
1173 1308 1353 1374 dictos,
1389 1324 1507 1361 cum
1548 1308 1639 1362 iis-

117 1400 218 1457 que
255 1386 618 1453 condemnant3
660 1387 713 1439 2.
758 1402 882 1439 vero
923 1385 1099 1439 dicunt
1120 1401 1174 1438 se
1204 1385 1346 1438 illum
1385 1385 1630 1439 damnare

116 1478 181 1517 ex
218 1463 462 1518 sententia
505 1462 657 1534 ipsius
696 1460 1000 1531 Agathonis;
1025 1460 1161 1515 buno
1204 1479 1328 1517 vero
1369 1461 1634 1516 damnasse

112 1539 201 1612 qui
241 1538 691 1595 Monothelismum
714 1538 990 1593 docuerant
1010 1546 1429 1610 susceperantque
1467 1538 1633 1592 nullus

113 1627 188 1671 est
224 1617 310 1689 qui
352 1617 598 1687 ambigat,
637 1631 763 1687 ergo
804 1627 854 1671 et
894 1616 986 1689 ipsi
1015 1615 1196 1670 eodem
1235 1632 1385 1670 sensu
1415 1615 1634 1669 damna-

113 1704 234 1748 runt
273 1693 587 1748 Honorium.

149 1784 153 1787 “
189 1771 269 1824 Ex
326 1770 619 1825 testimoniis
664 1768 831 1841 itaque
861 1806 879 1836 ‚
919 1785 1048 1841 quae
1093 1768 1346 1840 pertinent
1406 1768 1467 1821 ad
1508 1768 1633 1823 Acta

112 1847 304 1919 Synodi
330 1847 399 1901 vl
422 1848 631 1902 omnino
651 1847 901 1902 evincitur
922 1848 1214 1900 damnatum
1235 1863 1352 1900 eum
1374 1855 1428 1897 ut
1447 1843 1632 1899 haere-

115 1925 272 1978 ticum
296 1923 463 1978 fuisse.
478 1924 752 1978 Videamus
780 1940 916 1977 nunc
939 1935 1110 1977 utrum
1132 1941 1195 1977 ex
1223 1923 1332 1977 aliis
1359 1921 1632 1976 documen-

115 2001 176 2055 tis
217 2001 438 2074 idipsum
478 2001 811 2056 demonstrari
852 2001 1025 2072 possit.

189 2078 256 2132 Et
294 2097 321 2132 a
355 2077 612 2149 principio
642 2078 881 2148 observ0,
912 2078 963 2130 in
995 2075 1311 2131 decernendo
1358 2091 1503 2127 sensu
1533 2074 1632 2128 ali-

111 2154 254 2209 cuius
292 2155 573 2210 sententiae
604 2195 621 2226 ‚
662 2171 792 2225 quae
832 2154 1125 2226 praesertim
1175 2154 1305 2206 sacto
1349 2150 1626 2216 innititur,

113 2249 141 2285 a
175 2232 543 2286 recentioribus
563 2231 798 2286 standum
821 2249 927 2285 esse
963 2231 1079 2284 fidei
1107 2239 1157 2283 et
1180 2228 1362 2282 iudicio
1390 2228 1628 2297 antiquo-

111 2325 226 2362 rum
254 2309 585 2381 scriptorum,
609 2308 700 2363 nisi
731 2308 809 2363 ve!
839 2309 1143 2362 documenta
1184 2305 1407 2359 eiusdem
1448 2315 1627 2358 aueto-

111 2385 270 2440 ritatis
294 2423 312 2454 ,
354 2385 434 2440 ve!
476 2386 657 2440 saltem
698 2386 865 2456 aliqua
904 2384 1111 2439 evidens
1150 2383 1276 2436 ratio
1315 2381 1626 2434 contrarium

109 2463 369 2516 suadeant.
414 2462 466 2515 Si
509 2463 663 2533 igitur
702 2473 845 2516 testes
875 2462 1149 2532 producam
1188 2458 1326 2512 omni
1366 2458 1626 2527 exceptio-

110 2555 176 2592 ne
216 2540 432 2593 maiores
462 2576 479 2606 ‚
520 2540 604 2610 qui
671 2540 923 2593 affirment
964 2538 1013 2590 in
1054 2535 1141 2589 vl.
1186 2534 1391 2606 Synodo
1451 2533 1625 2605 prola-

111 2625 219 2668 tum
260 2614 527 2669 anathema
568 2627 743 2670 eontra
783 2614 1069 2669 Honorium
1111 2611 1256 2664 fuisse
1296 2623 1352 2663 ut
1392 2610 1441 2662 in
1496 2607 1624 2663 hae-

113 2693 325 2745 reticum
366 2693 572 2763 proprie
612 2693 826 2758 dietum,
868 2690 977 2761 quis
1016 2704 1237 2758 unquam
1266 2685 1396 2740 hanc
1417 2697 1623 2739 senten-

111 2771 232 2823 tiam
277 2770 328 2822 in
354 2770 566 2823 dubium
609 2786 847 2826 revocare
888 2761 1134 2842 poterit?
1188 2764 1337 2836 Atqui
1385 2761 1437 2817 bi
1478 2773 1623 2818 testes

110 2855 309 2919 praesto
347 2856 479 2901 sunt.
