1780 3038
160 305 391 362 ciliorum
433 318 545 373 pars
567 300 769 371 quidem
793 302 855 353 ab
881 300 1100 356 Ecclesia
1141 312 1338 374 recepta
1372 304 1483 374 luit,
1523 305 1661 375 quod

159 402 187 437 a
227 380 469 435 Romanis
493 377 813 431 Pontificibus
853 395 914 431 ex
956 392 1094 448 parte
1134 381 1427 434 confirmata
1458 382 1661 451 suerint3

159 476 275 531 pars
316 474 435 511 vero
477 455 654 507 reiecta
684 491 699 519 7
742 455 873 524 quod
916 456 978 507 ab
1021 456 1125 525 ipso
1166 474 1227 509 ex
1267 475 1323 511 ea
1369 469 1508 528 parte
1549 458 1661 512 sue-

158 538 258 588 rint
287 526 601 603 improbata?
627 530 845 583 Ecclesia
877 531 1027 600 igitur
1050 534 1242 602 putavit
1270 534 1462 586 nullum
1484 535 1663 588 Conci-

157 611 281 664 lium
323 609 600 678 legitimum
640 625 743 660 esse
807 625 967 678 posse,
1009 609 1047 660 si
1089 610 1441 664 Romanorum
1487 611 1664 665 Ponti-

156 688 308 741 ficum
330 684 538 739 decretis
577 683 883 737 contradicat
921 695 970 738 et
1009 685 1317 739 adversetur.

232 762 395 815 Huius
434 772 600 814 autem
643 761 712 814 rei
756 760 882 814 ratio
935 761 1304 816 evidentissima
1344 771 1434 816 est.
1478 762 1662 818 Eccle-

156 839 227 894 sia
267 839 403 894 enim
444 838 506 892 ad
537 838 688 890 instar
729 835 936 890 humani
1002 839 1227 909 corporis
1266 840 1527 892 constituta
1567 850 1661 904 est,

155 916 289 988 quod
328 917 436 969 sine
475 914 637 985 capite
679 931 955 984 numquam
995 915 1298 968 considerari
1330 927 1508 986 potest3
1537 917 1656 987 quia

154 995 261 1047 sine
301 993 463 1064 capite
503 1007 687 1061 corpus
727 1008 827 1044 non
869 1004 960 1057 est;
998 993 1253 1062 quomodo
1283 1009 1404 1062 ergo
1434 994 1665 1047 affirma«

153 1088 209 1124 re
249 1071 359 1142 quis
399 1068 603 1140 poterit,
652 1085 792 1137 posse
826 1068 1163 1122 Ecclesiarum
1208 1069 1462 1123 variarum
1529 1070 1665 1141 Epi«

155 1163 332 1218 scopos
373 1145 423 1198 in
463 1144 700 1200 Conciliis
765 1155 1099 1215 congregatos
1138 1164 1164 1199 a
1206 1146 1440 1199 Romano
1482 1147 1665 1200 Ponti-

154 1223 248 1277 fice
288 1223 522 1277 dissidere
554 1257 569 1288 ‚
611 1238 726 1275 cum
771 1222 872 1292 ipse
915 1222 1138 1292 ipsorum
1178 1223 1245 1276 sit
1279 1233 1430 1294 caput
1467 1233 1516 1276 et
1554 1224 1670 1276 sine‘

153 1318 252 1371 quo
295 1299 505 1371 proinde
546 1315 726 1368 corpus
765 1298 1019 1352 Ecclesiae
1059 1299 1363 1353 constituere
1405 1314 1505 1352 non
1541 1317 1668 1370 pos-³

153 1368 301 1431 sunt‘?
330 1376 568 1448 Apposite
608 1375 660 1427 S.
705 1374 986 1446 Cyprianus
1027 1376 1076 1429 in
1119 1375 1206 1428 lib.
1251 1377 1311 1429 de
1352 1381 1536 1429 unitate
1559 1377 1664 1431 Ec-

156 1454 353 1508 clesiae.
400 1475 424 1507 «
472 1451 751 1505 Exordium
780 1453 841 1505 ab
872 1453 1061 1506 unitate
1090 1452 1441 1523 proficiscitur,
1463 1463 1511 1506 ct
1551 1455 1667 1523 pria

158 1550 185 1584 α
231 1541 395 1583 matus
431 1531 582 1582 Petro
643 1528 788 1581 datur
820 1566 836 1597 ,
878 1540 931 1581 ut
972 1546 1069 1582 una
1110 1528 1290 1582 Christi
1352 1529 1572 1583 Ecclesia
1611 1540 1662 1586 ct

155 1629 182 1662 «
228 1605 476 1660 Cathedra
500 1622 598 1658 una
624 1616 930 1658 monstretur
974 1624 999 1656 »
1045 1607 1108 1658 Et
1137 1606 1262 1658 infra
1306 1627 1331 1661 «
1378 1606 1661 1677 Episcopa-

158 1702 185 1737 «
235 1695 309 1737 tus
348 1700 476 1736 unus
496 1691 589 1748 est,
612 1682 1030 1752 cuiusasingulis
1071 1683 1120 1734 in
1161 1683 1374 1736 solidum
1429 1699 1542 1752 pars
1581 1691 1662 1738 tc·-

156 1780 183 1814 «
230 1769 396 1815 netur.
442 1759 664 1812 Ecclesia
706 1776 804 1812 una
845 1768 938 1825 est,
962 1773 1089 1829 quae
1119 1759 1166 1811 in
1193 1759 1562 1813 multitudinem
1583 1759 1662 1814 la-

156 1853 183 1891 ct
231 1838 325 1890 tius
350 1838 662 1890 incremento
688 1836 1033 1889 foecunditatis
1059 1837 1366 1903 eXtenditu'r,
1406 1837 1661 1906 quomodo

157 1931 183 1966 «
228 1914 344 1967 solis
383 1911 524 1965 multi
566 1913 714 1983 radii,
754 1913 837 1984 sed
880 1912 1049 1966 lumen
1091 1928 1271 1981 unum3
1312 1923 1361 1966 et
1401 1913 1525 1966 rami
1573 1931 1662 1967 ar-

155 2012 180 2045 «
227 1991 362 2044 boris
402 1988 567 2056 multi,
607 1989 694 2042 sed
736 1991 889 2042 robur
929 2007 1085 2044 unum
1127 1991 1285 2044 tenaci
1327 1989 1494 2044 radice
1541 1990 1661 2044 sun-

156 2086 182 2119 «
229 2067 448 2135 datum3
489 2076 538 2120 et
577 2081 692 2119 cum
732 2066 792 2119 de
834 2066 968 2119 sonte
1009 2085 1108 2120 uno
1149 2066 1244 2119 rivi
1307 2065 1509 2136 plurimi
1563 2068 1660 2121 de-

156 2162 182 2196 «
229 2137 411 2209 fluunt,
456 2143 781 2196 numerositas
841 2143 954 2196 licet
994 2144 1169 2196 diflusa
1211 2143 1441 2198 videatur
1491 2160 1660 2197 exuna

155 2242 181 2275 «
228 2221 391 2273 dantis
428 2219 604 2290 copiae
645 2219 895 2289 largitate,
937 2217 1100 2273 unitas
1141 2230 1306 2273 tamen
1337 2229 1566 2272 servatur
1605 2221 1662 2274 inv

156 2319 180 2350 «
228 2297 441 2367 origine.
485 2295 660 2349 Avette
701 2297 896 2349 radium
935 2296 1051 2350 solis
1090 2315 1116 2349 a
1158 2314 1394 2368 corpore,
1448 2296 1660 2351 divisio-—

155 2392 182 2426 «
230 2387 345 2427 'nem
389 2371 512 2426 lucis
553 2373 717 2425 unitas
779 2387 881 2426 non
934 2374 1084 2444 capit.
1127 2374 1205 2426 Ab
1246 2374 1425 2427 arbore
1484 2368 1661 2443 frange

155 2469 182 2503 «
228 2466 448 2522 ramum,
491 2450 676 2504 fructus
716 2449 1002 2521 germinare
1042 2465 1143 2504 non
1172 2450 1375 2522 poterit.
1419 2451 1464 2502 A
1520 2450 1658 2506 sonte

180 2612 396 2665 raesertim,
419 2614 492 2657 etsi
523 2613 643 2658 latam
673 2618 809 2656 contra
823 2611 957 2669 Vigilii
980 2617 1165 2663 mentem,
1191 2612 1276 2670 quis
1297 2620 1470 2669 unquam
1511 2622 1660 2671 appro*

151 2627 301 2722 flasset,
335 2673 408 2716 nisi
438 2672 638 2731 Synodum
669 2672 776 2715 illam
820 2672 1085 2714 confirmasset
1142 2670 1328 2728 vigilius?
1356 2670 1408 2716 Et
1437 2671 1522 2729 quis
1553 2672 1661 2717 Con⁴

153 2730 285 2773 cilium
307 2729 352 2773 V.
377 2732 461 2776 sine
483 2730 655 2776 eiusdem
687 2730 981 2774 confirmatione
1013 2730 1322 2782 oecumenicum,
1347 2738 1387 2774 et
1416 2744 1494 2773 non
1517 2731 1659 2774 conci-

160 2788 343 2832 liabulum
380 2791 573 2848 putasset?
606 2788 716 2833 Haec
738 2796 928 2832 noverant
950 2788 1068 2847 ipsius
1085 2789 1253 2833 Concilii
1278 2798 1422 2848 patreS,
1443 2796 1484 2832 ut
1500 2789 1658 2834 exactis

154 2846 371 2894 luculenter
406 2849 675 2895 demonstrare
707 2862 874 2907 possem.
