1780 3038
153 294 180 328 «
222 272 453 327 subduxit
493 288 700 337 nomen,
745 272 876 324 idem
920 272 1048 324 inter
1087 269 1346 324 damnatos
1399 269 1523 323 adeo
1565 268 1655 322 in-

153 372 179 404 «
225 351 467 403 concinne
508 348 793 417 apposuerit
852 365 1041 400 nomen
1094 345 1332 411 Honor-ii,
1374 348 1438 400 ob
1477 344 1649 399 odium

153 445 180 477 «
224 427 354 495 quod
378 433 673 493 conceperat
696 422 932 476 adversus
963 423 1305 493 Apostolicam
1339 422 1557 477 Sedem»
1588 419 1652 475 Ut

150 499 268 554 huic
295 503 443 570 igitur
482 500 757 552 difficultati
801 501 1153 570 respondeam,
1176 500 1341 570 primo
1372 497 1496 553 haec
1523 516 1652 568 quae

150 578 269 630 dicit
291 577 683 631 virdoctissimus
704 575 841 628 nuno
866 577 1348 645 munitargumento3
1370 576 1547 629 deinde
1570 586 1652 628 to·-

151 664 198 705 ta
226 654 330 706 eius
358 653 672 706 ratiocinatio
703 654 762 706 ad
793 651 890 705 hoc
912 653 1183 706 reducitur:
1207 650 1499 706 Theodorus
1518 662 1652 705 certe

147 730 348 782 abstulit
386 747 448 782 ex
488 730 622 781 Actis
662 746 848 783 nomen
917 744 1084 796 suum3
1125 745 1248 798 ergo
1289 729 1398 782 loco
1420 745 1510 782 suo
1552 745 1651 797 po-

147 806 245 859 suit
284 823 467 858 nomen
508 806 744 859 Honorii.
786 806 858 857 Ea
899 823 1027 876 quae
1065 805 1156 858 sibi
1196 815 1311 858 sunt
1333 806 1438 859 visa
1478 823 1507 858 e
1549 804 1651 876 Sy-

148 882 283 936 nodo
341 883 625 950 subtraxit,
666 893 715 935 et
755 881 849 934 alia
911 882 1062 952 igitur
1100 898 1163 934 ex
1202 882 1356 935 animi
1409 882 1650 934 sententia

148 959 356 1026 addidit3
385 976 610 1029 qaorum
636 956 683 1011 si
705 955 968 1032 primum,
993 958 1173 1029 inquit,
1202 976 1361 1028 quam
1382 954 1653 1032 apertissi-

148 1053 231 1088 me
258 1054 537 1108 aperuero,
562 1041 691 1108 puto
718 1032 780 1089 de
807 1032 1032 1090 secundo
1059 1028 1234 1089 nullas
1262 1030 1356 1089 tibi
1420 1032 1655 1106 reliquus

148 1109 249 1164 erit
274 1109 554 1165 dubitandi
574 1110 734 1166 locus.
1545 1156 1547 1159 .
1581 1157 1584 1163 ,
1657 1152 1660 1153 ⁷

225 1190 290 1241 At
330 1188 551 1258 profecto
593 1189 680 1241 ista
722 1205 823 1241 non
864 1197 1159 1259 sequuntur.
1206 1187 1316 1251 Qua
1358 1187 1495 1241 enim
1523 1204 1669 1242 con--

148 1265 405 1334 sequentia
447 1265 621 1318 deduci
665 1274 824 1336 potest
865 1265 1152 1336 apposuisse
1193 1281 1497 1335 quemquam
1525 1265 1653 1318 alie-

147 1356 272 1392 num
314 1358 498 1394 nomen
540 1342 589 1394 in
631 1341 802 1395 codice
842 1343 1031 1412 aliquo,
1069 1357 1134 1402 vex
1173 1358 1273 1411 quo
1305 1358 1449 1394 suum
1489 1359 1551 1395 ex
1588 1359 1651 1396 eo

149 1418 431 1485 abraserit,
471 1419 604 1488 quod
647 1418 710 1471 ibi
755 1418 1048 1472 damnatum
1115 1415 1489 1488 reperiretur?
1516 1418 1651 1482 Quin

149 1494 276 1560 imo,
318 1494 510 1547 etiamsi
541 1495 816 1549 concedere
840 1495 1020 1549 veliem
1061 1513 1088 1547 a
1127 1494 1392 1548 Theodoro
1421 1495 1652 1549 abrasum

148 1587 210 1621 ex
250 1572 369 1623 actis
407 1588 592 1626 nomen
632 1587 800 1638 suum,
842 1572 962 1625 ittud
985 1571 1198 1625 Honorii
1224 1588 1323 1624 non
1346 1571 1663 1634 substituisse

147 1645 280 1700 ultro
303 1647 440 1700 fateri
454 1664 679 1719 cogerer.
704 1648 962 1718 Siquidem
992 1649 1040 1700 1.
1068 1649 1170 1719 ipse
1182 1660 1443 1718 postquam
1465 1648 1655 1719 episco-

145 1731 321 1794 patum
343 1726 550 1795 recepit,
574 1724 720 1796 plane
740 1724 1013 1778 catholicus
1035 1725 1265 1779 inventus
1285 1735 1376 1792 est3
1402 1742 1556 1795 quare
1573 1743 1658 1787 er<

146 1815 214 1867 go
237 1810 428 1853 tantum
467 1801 624 1855 scelus
646 1802 874 1855 molitum
898 1802 1140 1868 dicemus,
1164 1803 1247 1871 qui
1278 1801 1426 1856 veliet
1455 1803 1519 1855 ita
1541 1808 1664 1866 acta⁴

146 1887 313 1930 sextae
353 1878 541 1939 Synodi
603 1895 928 1950 corrumpere
968 1889 1022 1931 ut
1062 1879 1269 1948 proprio
1311 1895 1498 1931 nomen
1521 1880 1644 1933 sub-

147 1953 370 2007 stitueret
409 1955 474 2008 R.
514 1953 803 2009 Pontificis‘?
844 1958 897 2008 2.
929 1954 980 2008 Si
1025 1954 1250 2008 fraudem
1297 1956 1540 2024 admisit,
1590 1974 1660 2010 eo

148 2040 283 2083 certe
316 2031 508 2098 animo,
537 2043 590 2083 nt
617 2033 870 2085 neminem
931 2032 1170 2098 laederet,
1225 2049 1288 2085 ne
1321 2031 1439 2085 laesi
1488 2034 1656 2087 insur-·

148 2117 349 2175 gerent,
373 2119 823 2179 conquererentur,
849 2109 1111 2179 ipsumque
1164 2118 1471 2162 accusarent.
1517 2110 1568 2163 3.
1600 2110 1652 2163 Si

150 2183 254 2251 ipse
284 2195 389 2236 acta
415 2186 664 2255 corrupit,
687 2197 823 2238 certe
849 2197 956 2255 post
988 2202 1139 2255 quam
1167 2186 1333 2238 sedem
1363 2187 1566 2257 recepit.
1591 2188 1657 2240 At

148 2257 264 2312 fidei
289 2261 533 2331 definitio,
576 2272 626 2314 et
667 2261 872 2332 epistola
915 2261 1288 2333 Synodicaiam
1311 2263 1655 2331 Romam-de·-

148 2335 277 2390 latae
318 2337 536 2404 fuerant3
566 2339 823 2407 quomodo
848 2338 1000 2406 igitur
1027 2354 1213 2391 nomen
1243 2338 1457 2392 Honor-ii
1499 2341 1548 2392 in
1577 2339 1657 2395 his

148 2414 492 2468 monumentis
538 2411 824 2484 reperitur?
865 2415 1134 2484 Corruptio
1176 2415 1378 2486 insuper
1405 2416 1486 2468 itta
1513 2428 1656 2471 acto-

148 2506 261 2541 rum
291 2507 380 2560 per
402 2490 725 2544 Theodorum
768 2491 848 2546 vel
897 2492 1059 2562 patuit
1104 2491 1260 2563 illico,
1307 2492 1383 2544 vel
1414 2492 1574 2560 latuit3
1613 2494 1652 2546 si

148 2568 328 2635 patuit,
354 2568 607 2637 quomodo
631 2585 780 2621 nemo
830 2568 1054 2620 fraudem
1079 2564 1368 2638 redarguit?
1393 2568 1444 2621 Si
1486 2569 1651 2637 latuit,

149 2659 248 2711 quo
271 2643 572 2698 documento
603 2645 800 2700 innixus
825 2663 863 2699 s.
897 2645 1003 2699 Leo
1026 2645 1092 2697 11.
1121 2645 1497 2701 damnationem
1525 2663 1653 2702 con-
1734 2641 1742 2648 ⁴
