1780 3038
144 291 249 332 non
274 287 503 349 poterant
523 294 700 332 eorum
715 297 951 350 spernere
969 276 1298 352 iudicium‚jet
1322 274 1649 350 praecipitem

147 355 278 409 serre
335 349 679 426 sententiam:
709 354 1032 412 Protulerunt
1071 365 1239 409 tamen
1272 394 1289 423 ‚
1333 369 1650 426 repugnante

142 431 381 486 universa
440 430 751 484 Occidentali
814 433 1034 489 Ecclesia
1067 469 1084 498 ‚
1125 432 1500 486 contradicente
1542 433 1648 503 ipso

141 505 397 561 Ecclesiae
436 509 620 578 capite,
664 510 922 579 magistro,
971 523 1020 566 et
1059 511 1280 563 doctore.
1345 509 1483 579 Ergo
1525 527 1648 562 sen-

142 586 295 637 tentia
337 597 509 639 contra
550 585 837 639 Honorium
879 587 973 641 lata
1018 601 1117 642 non
1166 586 1354 656 prodiit
1392 604 1418 638 a
1460 586 1649 639 Conci·-

140 659 210 713 lio
249 662 588 716 Oecumenico
628 663 712 715 sed
772 680 797 716 a
840 662 1070 718 Patribus
1109 662 1449 715 Orientalibus
1479 698 1495 727 ‚
1559 662 1646 733 qui

136 738 202 790 ad
242 755 495 792 summum
537 742 977 808 repraesentabant
1005 738 1282 795 Ecclesiam
1309 736 1645 806 orientalem,

136 815 219 867 eui
260 814 373 883 soli,
413 826 463 869 et
502 816 862 870 contradicenti
906 816 1200 889 praesertim
1241 831 1478 888 supremo
1527 814 1646 870 lidei

138 892 314 958 iudici,
358 908 615 963 nunquam
657 892 879 948 Christus
911 895 1250 949 adsistentiam
1278 909 1418 946 suam
1450 892 1649 963 promi-

132 969 216 1023 sit.
259 972 420 1040 Atque
461 968 579 1022 hinc
621 980 776 1039 patet,
816 988 971 1041 quare
999 989 1095 1040 ego
1136 970 1373 1035 dixerim,
1405 967 1647 1022 Orienta-

135 1046 208 1101 les
247 1047 508 1118 episcopos
574 1046 624 1098 in
691 1046 989 1102 damnandis
1028 1046 1260 1101 Honorio
1313 1058 1363 1100 et
1420 1045 1646 1116 epistolis

130 1124 241 1177 eius
269 1124 338 1176 uti
381 1122 666 1190 haereticiS,
689 1126 972 1179 erraverint
1014 1126 1062 1178 in
1094 1125 1223 1178 iacto
1251 1123 1562 1194 dogmatico.

128 1238 131 1240 -
209 1200 357 1265 Quod
398 1211 451 1253 ut
489 1201 787 1254 confirmem
846 1201 1014 1274 aliquo
1081 1211 1380 1271 argumento
1420 1214 1483 1252 ex
1522 1199 1644 1253 actis

134 1276 252 1348 ipsis
290 1277 500 1331 Concilii
542 1275 609 1330 Vt
652 1278 933 1350 desumptog,
974 1279 1185 1333 Actione
1212 1275 1374 1331 xm.
1420 1274 1542 1330 lecta
1571 1287 1644 1330 est

132 1353 286 1408 altera
329 1354 543 1409 Honorii
586 1355 808 1425 Epistola
853 1357 912 1410 ad
945 1357 1202 1427 Sergium,
1234 1370 1333 1408 una
1375 1370 1490 1407 cum
1532 1353 1646 1408 aliis

127 1431 327 1502 scriptis
367 1431 553 1502 Sergii,
584 1430 772 1499 Pir-rbi,
805 1433 969 1499 Pauli,
994 1444 1042 1487 et
1066 1434 1196 1487 Petri
1224 1428 1640 1486 Monotheliticae

130 1504 353 1562 haeresis
421 1508 734 1580 principum,
777 1509 862 1580 qui
909 1510 967 1563 iis
1014 1511 1063 1563 in
1105 1508 1287 1563 libellis
1330 1506 1646 1572 haereticam,

129 1585 431 1654 pravitatem
472 1597 604 1638 certe
628 1585 967 1655 proferebant.
1001 1587 1136 1640 Dum
1177 1597 1345 1639 autem
1389 1584 1470 1638 illa
1496 1583 1640 1655 lege-

129 1672 269 1714 retur
310 1661 533 1732 Epistola
578 1660 736 1716 lectae
789 1673 903 1715 sunt
964 1664 1151 1735 pariter
1201 1661 1316 1716 hae*
1360 1663 1639 1715 sententiae

126 1753 257 1807 quae
281 1737 329 1790 in
352 1756 410 1792 ea
451 1738 791 1792 continentur.
833 1762 857 1794 «
892 1739 1127 1794 Ceterum
1167 1750 1412 1811 quantum
1454 1737 1516 1791 ad
1540 1738 1645 1810 do·-

130 1826 159 1868 α·
203 1831 321 1885 gma
380 1815 768 1870 ecclesiasticum
837 1817 1101 1887 pertinet,
1142 1834 1270 1887 quae
1330 1826 1501 1870 tenere
1550 1813 1636 1881 ⁸vel

128 1908 155 1942 α
203 1891 492 1963 praedicare
531 1892 836 1946 debemus...
882 1911 983 1948 non
1025 1910 1178 1947 unam
1218 1891 1299 1948 vel
1342 1893 1464 1947 duas
1505 1908 1637 1962 ope-

127 1987 154 2021 «
202 1969 420 2023 rationes
462 1969 511 2022 in
553 1969 827 2023 mediatore
867 1971 962 2024 Dei
1004 1983 1051 2023 et
1092 1970 1357 2023 hominum
1399 1968 1635 2039 delinire3

126 2062 154 2096 «
199 2046 284 2099 sed
308 2058 541 2117 utrasque
564 2058 767 2099 naturas
791 2048 839 2099 in
864 2065 965 2101 uno
1011 2046 1209 2100 Christo
1250 2047 1441 2100 unitate
1484 2056 1635 2099 natu-

125 2140 153 2173 <t
200 2123 289 2176 rali
318 2122 595 2194 copulam,
617 2138 732 2176 cum
762 2123 963 2177 alterius
983 2123 1341 2178 communione
1370 2135 1645 2193 operantes

126 2217 153 2250 «
200 2212 348 2270 atque
407 2199 710 2271 operatrices
748 2201 973 2255 confiteri
1016 2201 1276 2255 debemus:
1318 2210 1367 2254 et
1405 2199 1645 2254 divinam¹

124 2295 151 2331 «
196 2277 400 2348 quidem
440 2293 568 2346 quae
605 2277 700 2330 Dei
741 2289 852 2332 sunt
892 2288 1184 2349 operantem
1211 2314 1227 2346 ,
1267 2285 1316 2332 et
1354 2274 1631 2331 humanam

125 2368 161 2405 «¹
197 2372 325 2425 quae
365 2354 527 2407 carnis
554 2364 669 2407 sunt
708 2367 1060 2426 exequentem.
1241 2404 1243 2406 .

198 2431 260 2490 Et
301 2430 470 2502 paullo
514 2442 639 2502 post:
679 2449 703 2483 «
755 2432 813 2485 Et
853 2449 944 2503 pro
985 2431 1175 2484 duabus
1231 2430 1627 2502 operationibu5‚

121 2523 147 2558 «
195 2507 359 2562 ablato
389 2508 619 2577 geminae
660 2508 964 2578 operationis
992 2506 1259 2572 vocabulo,
1302 2525 1392 2561 nos
1433 2518 1630 2579 oportet

121 2601 148 2633 «
197 2584 323 2654 ipsas
382 2585 544 2655 potius
608 2584 729 2637 duas
769 2596 1009 2654 natura3‚
1055 2585 1102 2638 id
1142 2595 1214 2638 est
1252 2584 1524 2638 divinitatis
1577 2594 1628 2638 et

120 2676 147 2709 «
193 2662 356 2714 carnis
384 2671 660 2732 assumptae
686 2662 734 2713 in
776 2679 872 2715 una
899 2679 1108 2733 persona
1131 2661 1375 2732 unigeniti
1402 2661 1494 2714 Dei
1526 2661 1627 2714 Pa-

123 2754 149 2785 «
196 2738 281 2789 tris
326 2738 621 2807 inconfuse,
666 2738 878 2794 indivise
909 2775 925 2804 ‚
968 2749 1114 2809 atque
1174 2738 1621 2792 inconvertibiliter

125 2831 150 2864 «
199 2814 456 2867 nobiscum
497 2815 784 2886 praedicare
845 2817 1046 2887 propria
1109 2810 1438 2885 operantes'»
1482 2814 1624 2879 Quae

123 2892 197 2940 est
238 2891 475 2962 professio
542 2891 653 2946 fidei
696 2909 723 2945 a
764 2892 815 2946 S.
883 2892 1053 2947 Leone
1115 2893 1304 2964 Magno
1347 2891 1395 2945 in
1434 2909 1520 2947 sua
1561 2890 1622 2961 ad
