1780 3038
100 293 178 332 -οε
214 275 322 330 eius
358 290 558 347 quoque
597 273 824 329 locutum
863 296 1029 332 unam
1057 279 1375 332 volunlatem
1398 285 1444 350 el
1469 295 1632 332 unam

122 350 499 428 operationem.
543 349 615 424 (1)
683 352 878 416 Quibus
942 348 1234 406 addendum
1289 365 1408 425 puto
1443 391 1459 422 ‚
1500 354 1635 425 quod

96 428 251 484 ·lccta
291 428 407 481 lidei
474 428 787 499 expositione
812 466 828 496 ‚
873 430 1164 500 interrogati
1205 428 1320 483 sunt
1358 432 1534 484 Patres
1574 432 1637 483 ab

97 505 438 578 ·1mperatore
478 521 540 557 an
608 506 670 558 de
709 506 939 559 omnium
1002 523 1247 562 consensu
1315 507 1638 578 promulgata

127 582 319 652 suisset,
359 581 440 634 cui
481 592 744 652 postquam
785 583 1170 653 respondissent:
1213 602 1389 638 omnes
1427 581 1505 638 ita
1526 602 1642 638 crc-

126 654 307 714 dimus
338 693 356 725 ,
396 675 507 712 una
570 654 707 733 sides
736 695 753 727 ‚
808 677 986 714 omnes
1038 657 1272 732 idipsum
1337 658 1590 715 sentimus
1622 697 1640 727 ‚

129 751 310 790 omnes
361 732 728 789 consentientes
748 742 794 790 et
821 733 1179 809 amplectentes
1218 731 1643 810 subscripsimus,

101 806 424 867 forthodoaee
475 829 654 866 omnes
706 808 987 866 credimus.
1031 810 1175 866 Haec
1206 819 1280 866 est
1332 810 1462 885 sides
1497 811 1645 884 Apo-

130 890 389 943 stolorum
411 926 428 958 ,
470 884 599 942 haec
637 895 709 941 est
745 884 876 961 fides
903 886 1180 959 Patr-um,
1221 884 1348 942 haec
1408 896 1477 943 est
1517 887 1648 963 fides

105 959 561 1022 orthodoxorum
600 970 720 1031 etc3
768 963 867 1032 his,
917 966 1122 1035 inquam
1175 964 1408 1035 prolatis,
1466 966 1648 1018 iterum

133 1039 420 1096 exclamare
459 1051 753 1111 coeperunt.
790 1062 816 1095 c(
862 1039 1131 1095 Theodoro
1172 1040 1474 1094 Pharanitae
1516 1059 1648 1094 ana—

142 1134 170 1171 «
217 1115 410 1184 thema,
451 1116 631 1187 Sergio
666 1127 721 1170 'et
760 1117 991 1171 Hono'rio
1034 1115 1324 1184 anathema,
1378 1116 1560 1171 Pirrho
1601 1127 1652 1172 et

139 1211 169 1248 α
214 1191 374 1247 Paulo
434 1192 705 1247 anathema
736 1232 753 1263 ‚
795 1193 929 1264 Cyro
970 1204 1019 1247 et
1058 1194 1208 1248 Petro
1261 1194 1529 1248 anathema
1537 1232 1647 1246 .....

141 1288 170 1324 σι
215 1269 450 1325 omnibus
514 1268 778 1323 haereticis
831 1269 1119 1324 anathema.
1182 1269 1280 1332 Qui
1324 1272 1653 1340 praedicave-

107 1366 170 1402 ἀ
215 1354 381 1414 runt,
420 1355 471 1399 et
511 1346 846 1417 praedicant,
886 1357 936 1400 et
974 1347 1156 1401 docent
1195 1363 1253 1399 ac
1292 1347 1490 1400 docturi
1541 1357 1655 1401 sunt

144 1440 173 1477 ι
218 1439 374 1476 unam
415 1421 728 1478 voluntatem
768 1433 819 1477 et
857 1440 1012 1476 unam
1052 1423 1432 1495 operationem·
1463 1424 1513 1476 in
1573 1424 1656 1477 di-

109 1527 115 1532 ·
145 1518 174 1553 α
216 1499 534 1571 spensatione
554 1499 762 1553 Domini
785 1500 937 1553 nostri
963 1500 1075 1554 Iesu
1099 1499 1304 1566 Christi,
1328 1499 1654 1553 anathema.»

142 1575 267 1631 Ideo
309 1576 462 1647 igitur
501 1575 772 1630 anathema
813 1576 1045 1630 Honorio
1087 1594 1115 1631 a
1156 1577 1387 1629 Patribus
1425 1578 1609 1630 dicitur
1638 1613 1656 1644 ‚

112 1690 115 1692 -
145 1653 264 1724 quia
305 1653 689 1724 praedicaverat
726 1671 894 1707 ultam
933 1651 1514 1722 volantatem-etunam
1536 1672 1660 1726 ope-

146 1726 459 1797 rationem3
499 1730 584 1783 sed
650 1729 735 1801 qui
776 1728 902 1783 haec
966 1731 1266 1801 scripserant
1331 1729 1661 1799 dixeruntque

146 1805 373 1861 damnati
414 1817 470 1860 ut
507 1806 743 1861 formales
783 1804 1025 1860 haeretici
1067 1807 1226 1873 suere3
1266 1806 1659 1877 quomodoig-i-

147 1891 232 1937 tur
250 1882 501 1938 diversam
523 1883 820 1937 sententiam
843 1883 904 1937 de
922 1900 983 1938 eo
1006 1883 1269 1954 protulisse
1297 1884 1393 1936 dici
1423 1879 1662 1955 possunt?

226 1959 362 2025 Quid
405 1977 527 2014 vero
570 1961 620 2014 in
661 1959 907 2014 Sermone
929 1960 1285 2014 acclamatorio
1327 1960 1389 2012 ad
1430 1961 1665 2031 Impera-

115 2033 377 2092 vtorem‘?
415 2036 597 2091 Nonne
661 2047 710 2090 et
770 2037 836 2089 ihi
915 2037 1184 2090 damnatur
1240 2035 1395 2093 veluti
1439 2037 1520 2091 ille
1580 2036 1664 2106 qui

119 2113 317 2183 Sergii
382 2125 605 2167 mentem
666 2114 716 2166 in
781 2114 1017 2167 omnibus
1077 2124 1273 2167 secutus
1318 2108 1414 2166 sit?
1458 2131 1483 2166 «
1529 2113 1668 2165 Duas

157 2208 185 2243 «
232 2189 387 2260 igitur
427 2190 478 2243 in
518 2208 601 2259 eo,
645 2190 807 2260 inquit
845 2190 1092 2244 sermonis
1146 2201 1320 2243 auctor
1350 2229 1367 2260 ,
1418 2189 1669 2242 naturales

123 2286 186 2322 »α
232 2265 540 2340 voluntateS‚
581 2275 631 2322 et
654 2267 978 2339 ‘operationes
1020 2268 1358 2322 communiter
1389 2277 1537 2337 atque
1586 2266 1669 2319 in-

215 2399 277 2458 (Ι)
306 2396 418 2444 Haec
449 2407 579 2445 autem
610 2399 811 2459 quomodo
841 2398 893 2444 ad
922 2398 1205 2458 negligentiam
1234 2396 1403 2443 Honorii
1440 2397 1672 2454 significan-

159 2458 250 2504 dam
298 2458 401 2502 trahi
444 2466 608 2519 possunt
641 2460 663 2502 ¹?
693 2459 811 2504 immo
864 2460 1065 2515 quomodo
1111 2473 1190 2502 non
1233 2465 1323 2501 sunt
1363 2457 1586 2505 necessario
1620 2456 1670 2501 de

160 2518 246 2562 eius
276 2516 358 2561 side
389 2517 686 2576 intelligenda?
715 2517 839 2563 Secus
871 2517 978 2560 enim
1017 2517 1217 2576 explicent
1248 2516 1467 2559 contrariae
1509 2524 1672 2559 senten-

127 2598 133 2616 ·
162 2577 241 2621 tiae
272 2574 499 2620 defensores
529 2575 730 2633 quomodo
758 2576 860 2621 inter
890 2589 933 2619 se
963 2575 1062 2619 haec
1092 2576 1342 2619 cohaereant.
1384 2572 1531 2617 Patres
1561 2573 1674 2619 Con-

162 2634 247 2680 cilis·
280 2631 350 2678 Vl.
382 2634 623 2681 damnarunt
653 2633 876 2679 Hortarium
906 2634 1013 2691 quod
1039 2633 1384 2679 Monochelismum
1430 2632 1673 2691 neql'iqentia

163 2691 390 2754 confoverit,
409 2691 474 2737 Et:
512 2692 695 2738 diabolus
724 2707 803 2738 non
834 2692 994 2737 cessavit
1038 2694 1155 2737 etiam
1182 2706 1255 2750 per
1304 2689 1524 2736 Honorium
1556 2706 1674 2735 erro-

163 2752 223 2796 ris
254 2750 449 2796 scandala
478 2752 672 2796 suscitare
714 2753 831 2797 unius
874 2750 1090 2805 voluntat-is
1121 2758 1158 2795 et
1188 2750 1303 2794 unius
1336 2749 1587 2816 'operationis
1618 2751 1674 2793 .in
1733 2774 1738 2785 ι

168 2809 322 2855 duabus
352 2810 562 2854 καταψᾷς...
596 2809 746 2856 Christi
769 2810 852 2858 veri
865 2810 928 2855 dei
949 2811 1088 2866 nostru}
1105 2824 1204 2870 quae
1226 2816 1417 2868 sunt-ipsa
1437 2802 1559 2852 verba
1593 2807 1676 2854 Pa..

158 2876 270 2925 num
296 2877 438 2918 ‚sextae
470 2868 628 2929 synodi.
670 2905 675 2910 .
1304 2894 1307 2898 ,
1392 2891 1395 2892 ⁷
1453 2887 1460 2893 .
1531 2887 1533 2890 .

1363 2914 1366 2917 ’
1423 2925 1525 2981 12*
