1780 3038
223 264 250 300 α
294 245 486 312 denteS‚
528 237 788 293 asserimus
846 238 968 291 duas
1005 239 1111 292 eius
1138 255 1242 293 esse
1283 247 1486 293 naturas
1526 239 1579 292 in
1618 256 1717 295 una

184 335 187 338 “
220 341 248 376 α
291 323 396 376 eius
435 317 680 371 radiantes
717 315 1049 382 subsistentia,
1093 317 1143 368 in
1183 331 1280 385 qua
1311 326 1412 369 tam
1454 316 1718 384 miracu-ia,

220 414 248 451 α
291 411 540 467 quamque
582 391 830 463 passiones
869 408 961 461 per
998 408 1206 444 omnem
1226 391 1300 444 sui
1331 393 1721 464 dispensativam

217 495 244 529 α
290 469 743 533 conversationem,
786 483 887 519 non
930 484 1020 538 per
1059 466 1398 538 phantasiam,
1440 469 1526 521 sed
1566 487 1720 523 vera-

217 568 243 602 «
290 550 412 602 citer
451 543 830 610 demonstravit,
872 544 937 596 ob
978 545 1259 598 naturalem
1298 545 1638 598 differentiam
1666 546 1719 599 in

188 643 243 678 ·«
287 626 465 678 eadem
504 638 604 673 una
643 620 954 673 subsistentia
995 620 1421 691 cognoscendam,
1453 621 1574 674 dum
1601 638 1722 676 cum

215 719 243 753 »
286 701 488 754 alterius
515 696 872 751 communione
895 704 1116 767 utraque
1143 705 1344 751 natura
1371 695 1597 770 propria
1617 696 1721 753 vel-

211 798 239 832 «
284 776 374 848 let,
416 782 565 845 alque
604 780 931 846 operaretur3
971 768 990 843 (
1010 784 1124 827 sunt
1172 774 1326 828 verba
1355 772 1598 844 Honorii)
1633 774 1720 828 iu-

213 873 239 906 «
284 865 367 906 xta
409 868 561 922 quam
603 849 848 902 rationem
888 855 938 903 et
977 850 1100 903 duas
1139 850 1390 903 naturales
1438 849 1719 906 voluntates

211 948 239 983 α
282 941 331 983 et
371 926 686 999 operationes
715 926 1035 998 confitemur,
1067 927 1129 980 ad
1149 924 1592 980 salutemhumani
1620 944 1717 997 ge·-

211 1024 238 1058 «
283 1006 416 1060 neris
437 1002 797 1058 convenienter
838 1003 887 1055 in
929 1019 990 1056 eo
1031 1013 1404 1058 concurrentes,
1454 1019 1481 1053 »
1522 999 1574 1056 Si
1617 1004 1719 1075 igi.-

206 1092 287 1136 tur
325 1082 449 1136 ratio
478 1097 631 1151 quare
673 1080 722 1131 in
781 1077 979 1132 Christo
1002 1079 1130 1134 duae
1167 1088 1539 1151 cognoscuntur
1565 1092 1725 1134 natu-

208 1158 339 1213 rales
377 1158 656 1214 voluntates
679 1167 825 1227 atque
854 1157 1191 1226 operationeS‚
1222 1158 1357 1211 iuxta
1385 1156 1596 1211 Concilii
1620 1156 1713 1210 vl,

205 1237 400 1306 PatreS‚
440 1245 532 1305 est,
574 1233 705 1303 quod
747 1241 970 1302 utraque
1010 1230 1210 1288 Christi
1247 1241 1448 1288 natura
1488 1231 1716 1307 propria
1774 1300 1780 1302 ‚

205 1309 355 1366 vellet
375 1317 524 1382 alque
562 1319 893 1383 operaretur3
934 1308 1082 1363 huius
1122 1321 1291 1364 autem
1324 1311 1451 1364 ratio
1491 1310 1717 1381 sit‚ssqu·ia-

206 1387 431 1442 Christus
471 1387 559 1440 suit
578 1382 835 1459 perfectus
860 1382 917 1440 in
956 1382 1144 1441 deitate
1164 1394 1211 1441 et
1234 1385 1494 1462 perfectus
1523 1382 1581 1440 in
1608 1384 1719 1441 hu-

212 1461 493 1531 manitate,
520 1462 664 1519 Deus
689 1480 863 1533 ver-us,
893 1470 938 1517 et
957 1459 1114 1518 homo
1134 1481 1307 1531 veru33
1328 1463 1582 1536 quomodo
1606 1463 1722 1517 Mo·

201 1540 443 1595 nothelita
470 1541 564 1594 erit
584 1539 838 1593 Honorius
860 1550 1046 1610 noster,
1070 1541 1153 1610 qui
1180 1553 1229 1594 et
1251 1553 1485 1611 utrasque
1513 1550 1721 1594 naturas

203 1618 605 1689 perfectissimam,
646 1627 695 1669 et
735 1626 967 1686 utrasque
1008 1617 1214 1689 propria
1254 1629 1519 1690 operantes
1565 1627 1722 1688 atque
1778 1655 1780 1659 -

204 1694 513 1766 operatrices
544 1692 814 1747 confitetur
841 1689 872 1746 ⁶?

274 1774 437 1842 Atque
458 1769 540 1824 hic
586 1769 743 1823 lector
764 1768 1130 1826 animadvertat
1151 1770 1326 1839 velim,
1351 1777 1551 1842 putasse
1589 1769 1719 1824 Ser-

198 1846 340 1917 gium
367 1865 429 1900 ex
462 1846 744 1900 testimonio
792 1847 848 1900 S.
893 1848 1083 1901 Leonis
1120 1848 1292 1918 Magni
1336 1848 1386 1900 in
1414 1845 1620 1918 epistola
1648 1846 1713 1900 ad

202 1924 527 1978 Flavianum:
551 1919 675 1994 Aqit
700 1929 920 1994 utraque
944 1920 1124 1996 forma
1152 1942 1272 1979 cum
1303 1922 1521 1978 altem'us
1564 1941 1718 1977 com·
1771 1990 1780 1995 -

206 1997 460 2054 mimione
499 1996 637 2070 quod
680 1998 962 2072 proprium
1002 2009 1074 2055 est
1124 2008 1214 2054 etc.
1259 2000 1393 2070 quod
1452 1999 1715 2054 Honorius

199 2078 434 2144 excribit,
461 2075 659 2146 probari
703 2093 803 2130 non
826 2095 968 2147 posse
1008 2077 1130 2129 duas
1167 2076 1348 2130 Christi
1371 2076 1715 2148 operationeS,

198 2153 346 2222 idque
368 2171 395 2206 a
435 2153 658 2223 pluribus
682 2152 965 2208 doctoribus
995 2154 1284 2206 iudicatum.
1316 2150 1532 2207 Diversi
1575 2171 1716 2226 pro-

194 2225 449 2283 babilium
469 2226 725 2283 Ecclesiae
771 2226 1047 2285 doctorum
1086 2225 1157 2282 ad
1208 2227 1401 2284 iustam
1440 2237 1488 2284 et
1525 2246 1712 2284 veram

194 2302 595 2360 advocationem
646 2303 948 2377 praedictae
986 2303 1227 2380 epistolae
1259 2312 1715 2377 assurrexerunt,

192 2388 241 2436 et
286 2379 496 2436 nullum
561 2378 756 2436 horum
791 2380 985 2438 scimus
1023 2380 1243 2454 dixisse,-
1281 2379 1419 2454 quod
1444 2379 1502 2436 in
1545 2399 1712 2455 prae-

193 2456 327 2512 senti
354 2454 488 2512 libro
516 2454 654 2512 duas
691 2457 1019 2531 operationes
1045 2457 1150 2514 Leo
1189 2455 1557 2514 sanctissimus
1571 2477 1715 2513 asse-

193 2530 401 2588 ruisset.
419 2534 476 2587 Id
507 2534 708 2588 sortasse
727 2535 1013 2589 Honorium
1036 2553 1137 2588 non
1155 2534 1438 2602 latuit‚cum
1453 2553 1477 2589 a
1491 2533 1714 2607 Sophro-

193 2609 264 2661 nii
314 2610 480 2680 legato
521 2628 627 2664 rem
668 2612 864 2665 edoceri
907 2613 1145 2683 potuerit,
1171 2623 1319 2683 atque
1345 2613 1615 2666 certissime
1645 2629 1710 2665 ex

200 2686 303 2755 ipsa
346 2687 551 2757 epistola
593 2687 756 2758 Sergii
797 2688 1177 2760 deprehendere
1211 2726 1230 2758 ,
1272 2690 1322 2741 in
1362 2706 1459 2757 qua
1500 2688 1710 2742 citatum

195 2761 537 2819 testimonium
595 2763 945 2821 detruncatum
987 2766 1235 2838 affertur,
1274 2766 1480 2823 omissis
1523 2779 1710 2838 nempe
