1780 3038
783 171 867 183 ,,,,,
907 144 979 195 92
1021 172 1093 180 -

193 223 330 289 dem,
369 223 456 275 etsi
499 237 597 272 non
640 219 812 289 ipsius,
852 219 936 289 qui
982 218 1080 269 iam
1121 214 1314 267 obierat
1339 249 1356 280 ‚
1398 213 1487 267 suit
1528 224 1694 275 tamen

198 299 487 368 investigata
523 313 660 349 mens
681 295 785 348 eius
827 295 874 347 in
916 294 1104 347 Ioanne
1143 291 1404 361 Sympono
1430 328 1446 357 ‚
1470 292 1554 362 qui
1582 292 1696 362 epi-

192 375 370 429 stolam
410 375 690 444 scripserat,
743 371 926 441 quique
965 381 1098 423 certe
1138 374 1371 431 noverat,
1413 385 1511 438 quo
1551 385 1697 421 sensu

184 470 253 503 -ea
298 468 426 520 quac
469 468 495 501 a
545 446 890 500 Monothelitis
921 446 1276 516 carpebantur,
1320 444 1579 499 Honorius
1616 444 1698 498 di-

196 527 343 589 xerit,
386 525 462 579 vel
506 525 711 594 ipsemet
750 523 963 576 Honorii
1021 521 1243 574 nomine.

269 602 404 665 Quin
447 602 596 670 igitur
617 616 711 668 ego
739 599 984 651 Anastasii
1012 599 1298 651 coniectura
1340 614 1570 668 movear,
1596 614 1699 669 po-

199 679 291 730 tius
330 678 573 736 concludo
603 714 619 742 ‚
660 692 742 727 eas
779 675 993 729 Honorii
1034 672 1266 744 epistolas
1306 685 1422 727 tunc
1462 673 1701 745 temporis

197 765 466 806 asservatas
506 755 554 804 in
597 751 836 804 Archivio
877 751 1128 804 Ecclesiae
1193 750 1479 815 Romanae,
1519 767 1700 821 easque

199 829 426 882 habuisse
467 846 585 900 prae
626 828 873 880 manibus·
918 828 1007 880 Sin
1049 827 1194 881 aliter
1242 828 1402 897 enim,
1443 826 1701 897 quomodo

184 908 304 976 -ipse
343 907 421 958 cui
462 916 595 959 certe
637 916 893 975 perspecta
934 913 1077 957 erant
1118 903 1202 956 illa
1250 905 1549 957 documenta
1581 939 1599 970 ,
1640 903 1704 957 ad

201 995 300 1034 tam
341 982 477 1035 sutile
518 982 835 1034 ratiocinium
875 980 1227 1050 confugisset,
1267 980 1482 1034 Honorii
1525 979 1704 1034 desen-

183 1059 348 1111 -dendi
390 1059 572 1128 gratia,
613 1057 732 1109 dum
772 1057 1111 1128 suspicionem
1151 1074 1316 1125 suam,
1346 1056 1478 1127 quod
1503 1056 1705 1110 tortasse

202 1136 459 1188 Honorius
501 1135 606 1187 illas
646 1151 747 1188 non
788 1134 1039 1204 scripserit
1067 1133 1318 1205 epistolam,
1360 1133 1595 1204 potuisset
1617 1150 1706 1187 ro·-

192 1213 407 1276 horare,
450 1212 685 1265 omnibus
726 1210 1071 1281 patefaciendo
1096 1249 1113 1277 ‚
1155 1210 1284 1263 illius
1329 1209 1562 1280 epistolas
1601 1227 1706 1263 non

210 1288 415 1358 reperiri
459 1289 507 1340 in
549 1289 783 1341 Romano
823 1286 1088 1354 Archiviog
1129 1287 1178 1339 in
1218 1304 1319 1358 quo
1359 1298 1493 1340 certe
1531 1288 1732 1340 extare

205 1366 505 1435 debuissent,
547 1366 585 1418 si
615 1365 693 1417 vel
736 1365 799 1417 ab
842 1365 970 1434 ipso,
1014 1364 1093 1418 vel
1135 1364 1196 1417 de
1224 1363 1462 1417 mandato
1491 1363 1709 1417 eius’l'u-

209 1443 355 1493 issent
394 1436 739 1512 conscriptae?
770 1441 908 1493 Haec
934 1440 1139 1510 quidem
1168 1440 1371 1494 assertio
1435 1441 1710 1494 maximam

129 1534 140 1555 ’τ
188 1518 476 1589 >suspicioni
517 1519 624 1569 cius
664 1518 768 1571 vim
810 1517 1096 1583 addidisset,
1135 1518 1242 1570 sine
1279 1535 1374 1588 qua
1418 1529 1584 1570 tamen
1610 1535 1708 1588 pu-

208 1612 260 1646 ra
301 1594 513 1665 suspicio
551 1605 763 1660 manet,
804 1606 854 1647 et
893 1594 1085 1665 puerile
1136 1595 1510 1665 quodammodo
1551 1594 1710 1648 ratio-

208 1672 420 1737 cinium,
463 1680 516 1722 ut
558 1689 678 1741 pace
705 1671 828 1723 tanti
871 1671 966 1725 viri
1007 1671 1194 1739 dicam;
1233 1688 1330 1743 qua
1365 1672 1502 1724 enim
1527 1671 1604 1726 vel
1633 1670 1710 1724 le-

209 1748 410 1800 vissima
454 1747 645 1802 ratione
685 1758 879 1819 poterat
918 1748 1180 1818 suspicari,
1222 1766 1285 1801 an
1327 1766 1428 1801 non
1454 1747 1532 1801 illa
1563 1748 1711 1802 suerit.

210 1823 415 1894 epistola
457 1825 637 1895 scripta
679 1825 758 1879 vel
819 1825 1074 1896 scriptoris
1129 1825 1583 1896 indisciplinatione
1629 1824 1711 1879 vel

213 1901 262 1951 in
303 1900 598 1953 Pontificem
621 1901 757 1972 οάἰο,
787 1918 903 1954 cum
943 1912 991 1954 et
1018 1919 1081 1955 ex
1102 1902 1348 1973 Apologia
1372 1902 1574 1963 Ioannis
1594 1901 1710 1968 IV„

210 1987 258 2028 et
299 1995 360 2030 ex
402 1978 454 2030 S.
498 1976 720 2033 Maximo
746 1979 990 2031 didicisset
1019 1996 1130 2031 eam
1161 1997 1187 2031 a
1217 1979 1405 2033 Ioanne
1447 1979 1710 2050 Sympono

210 2054 469 2124 scriptam,
511 2072 660 2124 quem
704 2056 870 2110 virum
910 2055 1272 2108 sanctissimum
1297 2052 1549 2127 appellat?
1571 2057 1714 2109 Ana-
1746 2124 1748 2126 ³

210 2130 340 2182 stasii
382 2132 535 2200 igitur
580 2132 937 2185 documentum
979 2133 1162 2185 nedum
1209 2132 1506 2186 sententiam
1546 2149 1714 2186 meam

213 2223 313 2258 non
350 2208 555 2275 evertit,
595 2209 677 2261 scd
703 2208 924 2279 perbelle
982 2208 1264 2261 confirmat.
1308 2209 1477 2273 Quare
1517 2220 1716 2280 postre-

215 2300 353 2335 mum
383 2295 734 2353 argumentum
759 2286 972 2352 adduco,
995 2302 1095 2355 quo
1121 2286 1372 2338 contendo
1402 2285 1508 2339 illas
1532 2286 1717 2340 Hono-

215 2360 274 2410 rii
329 2360 607 2430 epistolasa
636 2361 982 2416 Monothclitis
1020 2361 1166 2414 scribi
1209 2379 1309 2415 non
1341 2363 1574 2433 potuissc3
1597 2363 1717 2416 bre-

215 2437 343 2489 viter
383 2448 546 2490 tamen
583 2475 600 2503 ,
641 2455 755 2491 cum
798 2439 846 2491 id
876 2437 1260 2491 luculentissime
1301 2439 1488 2509 patebit
1527 2457 1589 2493 ex
1626 2456 1717 2493 ca-

217 2513 317 2581 pite
354 2514 617 2582 sequenti,
662 2515 710 2567 in
751 2533 851 2586 quo
891 2532 1064 2568 car-um
1105 2514 1458 2569 orthodoxiam
1497 2516 1718 2570 demon-

216 2589 398 2641 strabo.
424 2590 682 2660 Siquidem
710 2591 783 2644 10.
815 2591 944 2644 Cum
965 2590 1328 2645 Monothclitae
1351 2593 1537 2646 nedum
1562 2610 1717 2646 unam

219 2664 546 2731 voluntatem,
567 2668 651 2720 sed
676 2685 826 2720 unam
850 2668 1195 2738 operationem
1238 2669 1287 2721 in
1311 2667 1508 2724 Christo
1531 2670 1718 2723 admit-

218 2750 414 2809 terentg
453 2759 605 2813 quare
646 2745 695 2798 in
735 2744 942 2816 epistola
999 2744 1211 2800 Honorii
1254 2763 1355 2800 non
1413 2747 1718 2820 scripserunt
