1780 3038
18 260 254 337 fatemur·
291 257 516 315 Domini
554 261 722 315 nostri
764 260 880 317 Iesu
933 258 1154 330 Christ-13
1211 263 1350 317 euius
1391 263 1517 317 ratio

17 340 137 411 est,
178 339 291 408 quia
332 339 680 392 tantummodo
741 356 831 409 per
869 340 1267 410 assumptionem
1313 348 1520 392 naturae

15 425 319 485 corruptae,
346 414 656 467 voluntatem
697 415 1026 480 contrariam,
1068 412 1267 487 (loquor
1296 416 1345 467 in
1375 431 1520 468 sensu

16 501 66 544 et
103 508 217 545 cum
258 491 423 545 verbis
462 488 714 563 Honorii)
755 508 852 560 qua
895 489 1236 546 retraheretur
1278 508 1305 547 a
1347 491 1521 546 divina

16 567 273 622 voluntate
314 567 633 637 adimplenda
676 568 911 638 potuisset
950 566 1157 636 habere3
1206 578 1353 640 atque
1407 568 1520 621 cui—

15 661 166 714 quam
207 643 465 713 epistotam
491 644 670 714 legenti
704 659 993 713 persuasum
1032 645 1148 712 erit,
1191 655 1348 699 totum
1379 645 1429 698 in
1457 661 1519 698 eo

14 737 119 778 esse
145 721 455 787 Honorium,
497 732 551 773 ut
590 721 819 775 excludat
847 737 873 772 a
901 720 1098 775 Christo
1128 721 1520 792 assumptionem

14 797 219 851 vitiatae
260 808 484 850 naturae.
529 796 697 860 Quare
730 792 862 851 hoc?
903 797 1174 851 Sciendum
1213 808 1285 851 est
1324 798 1519 868 igitur,

15 883 134 928 tunc
175 875 413 944 temporis
451 873 560 943 Cpii
605 874 829 944 impiam
857 874 1004 928 fuisse
1043 885 1229 928 sectam
1269 884 1518 942 exortam,

13 967 141 1020 quae
183 949 510 1004 contenderet
547 950 801 1003 Christum
832 984 850 1014 ,
891 959 1137 1021 quatenus
1183 948 1338 1006 homo
1378 951 1470 1003 fuit
1499 989 1517 1017 ‚

13 1027 314 1080 contraxisse
355 1036 615 1098 peccatum
657 1026 924 1096 originale,
952 1027 1161 1098 ideoque
1201 1027 1518 1098 assumpsisse

13 1120 114 1157 non
157 1104 425 1173 integram,
447 1104 532 1156 sed
564 1104 785 1157 vitiatam
811 1104 1027 1158 hominis
1055 1114 1303 1158 naturam.
1329 1104 1385 1156 In
1409 1104 1518 1174 pri-

12 1197 152 1234 mum
194 1180 480 1234 demonstro
501 1198 562 1233 ex
589 1180 821 1252 apologia
850 1179 1053 1235 Ioannis
1094 1179 1348 1234 nouom.
1375 1180 1517 1233 Pon-

13 1256 178 1322 iificis,
238 1258 287 1310 in
328 1275 425 1328 qua
466 1267 515 1311 et
558 1257 661 1328 ipse
721 1274 874 1311 unam
920 1256 1189 1311 confitetur
1231 1257 1279 1308 in
1320 1254 1517 1311 Christo

11 1332 350 1401 voluntatem,
391 1344 442 1388 et
482 1350 582 1387 non
623 1334 745 1386 duas
784 1333 1062 1388 contrarias
1103 1333 1287 1388 mentis
1326 1342 1374 1387 et
1401 1349 1519 1387 car-

11 1410 109 1477 niS,
151 1420 205 1463 ut
244 1427 348 1464 sese
389 1419 614 1480 opponat
653 1411 952 1480 quibusdam
1007 1408 1311 1480 haereticis,
1352 1409 1436 1479 qui
1469 1409 1518 1462 id

9 1487 72 1541 de
99 1485 295 1541 Christo
336 1487 640 1542 fatebantur:
678 1505 703 1540 α
735 1486 875 1542 Unde
897 1487 1127 1553 scientae,
1157 1486 1291 1556 quod
1322 1485 1517 1539 nulium

12 1580 41 1616 tt
87 1563 136 1616 in
175 1580 259 1630 e0‚
299 1581 415 1618 cum
444 1572 731 1618 nasceretur
755 1575 806 1618 et
833 1574 1215 1618 conversat-etur
1242 1571 1365 1616 esset
1393 1579 1516 1633 pec-

12 1657 41 1693 α
85 1649 276 1711 catum,
317 1641 551 1694 decenter
603 1641 817 1695 dicimus
854 1652 903 1694 et
943 1640 1190 1694 veraciter
1217 1639 1518 1692 confitemur

13 1734 40 1776 c
85 1734 237 1770 unam
280 1717 594 1772 voluntatem
625 1717 673 1770 in
703 1729 904 1772 sanctae
946 1717 1097 1788 ipsius
1137 1716 1518 1786 dispensationis

11 1814 38 1851 α
83 1792 417 1861 humanitate,
443 1805 492 1848 et
521 1812 620 1849 non
646 1794 767 1848 duas
787 1796 1063 1849 contrarias
1085 1794 1263 1846 mentis
1284 1803 1332 1845 et
1354 1793 1517 1847 carnis

12 1890 39 1925 α
86 1871 454 1943 praedicamus,
477 1871 753 1926 secundum
775 1871 908 1942 quod
930 1871 1135 1940 quidam
1164 1868 1398 1923 haeretici
1424 1887 1526 1923 ve*

11 1964 39 2003 ι
85 1947 157 2000 lut
198 1948 247 2000 in
290 1966 417 2020 puro
459 1947 667 2002 homine
695 1949 912 2002 delirare
936 1953 1228 2001 noscuntur.
1260 1946 1512 2013 Secund0,

7 2023 299 2078 demonstro
355 2043 417 2079 ex
458 2026 510 2077 S.
545 2025 793 2096 Maximo,
851 2025 935 2096 qui
994 2025 1043 2078 in
1091 2023 1297 2094 epistola
1325 2040 1411 2077 sua
1452 2023 1514 2077 ad

7 2099 264 2153 Marinum
288 2102 442 2173 Cypri
465 2103 820 2172 Presbyterum
844 2099 917 2175 (1)
946 2099 1153 2170 loquens
1173 2100 1235 2153 de
1264 2099 1514 2171 Synodica

8 2174 261 2232 Theodori
284 2180 476 2250 Papae,
503 2179 681 2249 inquit:
711 2198 736 2231 «
762 2177 894 2232 Sane
919 2179 1069 2248 igitur
1089 2176 1404 2246 sanctissimi,
1427 2177 1514 2246 qui

12 2271 38 2305 ι
85 2271 220 2308 nunc
268 2266 339 2309 est
378 2257 568 2326 Papae,
617 2254 875 2310 Theodori
936 2254 1125 2308 scilicet
1155 2291 1173 2321 ,
1250 2253 1513 2324 synodicas

11 2346 38 2382 «
84 2332 260 2385 nonin
303 2341 373 2385 tot
412 2332 644 2403 capitulis
682 2343 803 2402 quot
824 2331 1108 2402 scripsistis,
1151 2329 1317 2399 regiae
1377 2329 1513 2381 urbis

8 2425 38 2464 α
81 2408 217 2462 cives
237 2405 455 2482 (Cptani)
486 2408 937 2480 reprehenderunt,
964 2407 1119 2461 sedin
1161 2406 1353 2459 duobus
1380 2405 1515 2457 dun-

10 2503 38 2540 «
83 2494 236 2538 taxat:
279 2502 496 2556 quorum
537 2486 748 2539 aiterum
789 2493 862 2540 est
901 2485 962 2538 de
1002 2483 1098 2537 fide
1137 2482 1414 2547 TrinitatiS,
1454 2499 1512 2534 ac

4 2576 39 2611 ,α
82 2563 215 2631 quod
246 2599 262 2628 ,
305 2563 485 2632 aiunt,
526 2563 726 2616 dixerit:
769 2561 1010 2633 Spiritum
1075 2560 1312 2612 Sanctum
1361 2557 1512 2611 etiam

0 2648 40 2721 ζα
83 2655 145 2692 ex
184 2638 315 2692 Filio
355 2639 646 2711 proceder03
679 2639 890 2694 alterum
949 2653 1072 2693 vero
1112 2636 1173 2690 de
1211 2634 1382 2691 divina
1419 2633 1511 2688 In-

0 2758 12 2786 ⁶
64 2786 123 2847 (1)
154 2787 286 2847 Migue
305 2788 452 2835 Pati-ol.
486 2789 629 2836 Graec.
655 2789 742 2835 voi.
778 2787 955 2835 91.c01.
990 2786 1091 2831 124.
