1780 3038
802 138 878 147 ....
916 107 985 157 128
1027 135 1100 143 -..

217 192 368 254 alque
406 180 627 238 indivise
673 200 878 237 omnem
928 178 1169 236 (liut'rtctm
1222 187 1374 250 atquc
1413 176 1710 235 humanam

218 258 569 332 operationem
605 255 898 330 procedere.
943 257 1086 308 Hanc
1130 272 1250 308 vero
1293 256 1404 308 [idei
1435 258 1744 310 confessio-⁹

218 354 332 388 nem
398 336 622 406 putidum
683 351 783 386 esse
826 332 1274 384 Monothelismum
1311 331 1481 385 nullus
1519 334 1717 387 inlicia-

216 411 370 477 bitur,
417 413 499 480 qui
541 410 798 479 epistolam
839 409 998 477 Sergii
1041 407 1233 476 legerit.

293 488 536 556 Equidem
576 486 777 553 Sergius
814 484 1066 537 silentium
1106 483 1212 535 sive
1242 483 1408 553 uniuS‚
1441 485 1547 538 sive
1586 485 1719 538 dua-

215 581 326 616 rum
367 561 714 632 operationum
757 572 861 611 tum
902 560 1057 631 Cyre,
1104 570 1210 611 tum
1256 558 1565 631 Sophronio,
1610 573 1718 615 tum

215 639 302 707 ipsi
343 638 633 707 Imperatori
680 638 896 689 indicere
938 636 1157 704 videtur,
1198 645 1245 687 et
1287 635 1382 689 hoc
1414 639 1574 707 ipsum
1599 639 1716 691 eni-

211 731 271 766 xe
297 714 510 778 studere,
542 724 593 764 ut
614 713 674 764 ab
703 713 930 766 Honorio
973 713 1221 780 impetret.
1252 711 1440 764 Verum
1480 715 1518 766 si
1563 732 1718 768 men-

212 800 309 842 tem
348 790 451 842 eius
510 790 859 858 investigemus
888 830 910 857 ‚.
946 788 1215 841 certissime
1264 789 1607 855 inveniemus,
1650 809 1712 844 ea

213 865 392 917 silentii
435 866 628 918 ratione
671 866 885 920 voluisse
905 876 1010 918 tum
1034 881 1363 936 promovere,
1388 876 1494 918 tum
1523 867 1714 921 Mono-

211 940 493 994 thelismum
532 942 854 996 consolidare.

281 1018 476 1073 Revera
517 1020 721 1072 omnino
762 1018 1061 1083 contendit,
1103 1015 1388 1070 cavendum
1450 1035 1553 1072 esse
1583 1055 1600 1085 ,
1643 1036 1712 1073 ne

206 1094 388 1147 sancita
429 1112 516 1165 per
554 1095 743 1166 Cyrum
782 1112 897 1149 cum
939 1094 1198 1147 haereticis
1218 1094 1485 1147 concordia
1515 1095 1712 1148 rescin-

208 1170 427 1236 deretur3
469 1170 557 1224 hos
597 1182 762 1225 autem
827 1172 1051 1224 debuisse
1091 1170 1243 1222 sidem
1305 1186 1447 1222 suam
1487 1171 1711 1240 profiteri

208 1256 468 1314 pactorum
509 1248 569 1300 ad
611 1266 839 1302 normam
870 1247 1200 1318 capitulorum
1230 1246 1339 1315 quis
1368 1263 1589 1317 unquam
1631 1248 1717 1302 in-

208 1319 505 1375 ficiabitur?
546 1324 804 1377 Debebunt
842 1342 965 1396 ergo
1008 1321 1335 1394 Eutychiani,
1376 1333 1425 1376 et
1466 1325 1567 1394 ipse
1606 1324 1718 1397 Cy·-

206 1415 288 1450 rus
326 1398 533 1452 debebat
574 1401 794 1470 profiteri
836 1396 1109 1471 capitulum
1141 1398 1278 1464 VH„
1321 1415 1419 1468 qun
1463 1400 1513 1453 in
1556 1400 1715 1455 Chri-

202 1483 276 1527 sto
316 1491 412 1527 una
453 1478 674 1546 operatio
701 1478 1021 1531 statuebatur.
1067 1474 1333 1540 Quomodo
1359 1477 1510 1546 igitur
1531 1478 1714 1534 obser-

206 1567 323 1603 vare
360 1550 607 1605 silentium
648 1564 875 1624 poterant
914 1554 1043 1607 circa
1086 1554 1266 1621 dogma
1334 1553 1548 1624 capitale
1588 1555 1706 1610 fidei

202 1642 340 1692 suae,
379 1627 483 1680 sine
522 1645 620 1698 quo
661 1641 801 1700 pacta
858 1630 1120 1683 satisfactio
1161 1627 1344 1681 nullius
1400 1630 1583 1686 valoris
1622 1651 1710 1686 es-

203 1711 273 1755 set
312 1701 580 1758 habenda?
623 1706 759 1759 Sicut
826 1706 1070 1760 Catholici
1119 1705 1376 1758 silentium
1440 1708 1709 1764 observare

206 1795 305 1831 non
348 1791 546 1848 possunt
586 1783 714 1836 circa
756 1802 833 1836 ex.
878 1801 954 1853 gr.
999 1782 1150 1835 Verbi
1191 1781 1349 1835 divini
1405 1800 1520 1838 cum
1559 1786 1711 1842 Patre

204 1856 778 1925 consubstantialitatem,
819 1860 951 1930 quod
999 1858 1129 1912 hanc
1171 1859 1219 1910 in
1261 1860 1492 1929 symbolo
1535 1863 1712 1931 quoti-

204 1930 283 1983 die
324 1932 669 2002 proliteantur3
713 1936 776 1988 ita
800 1953 959 2006 neque
988 1934 1290 2006 Eutychiani
1331 1937 1392 1989 ad
1434 1937 1586 1991 sidem
1614 1957 1708 2010 per

204 2005 391 2076 Cyrum
432 2009 617 2062 reducti
678 2023 907 2082 poterant
966 2012 1324 2082 professionem
1367 2013 1502 2067 illam
1557 2016 1711 2071 unius

204 2081 383 2134 Christi
425 2087 726 2154 operationis
766 2090 1184 2159 praetermittere,
1238 2090 1372 2157 quod
1414 2090 1494 2143 illa
1537 2093 1710 2146 conti-

206 2166 407 2211 neretur
447 2160 495 2211 in
535 2163 761 2233 explicita
786 2183 902 2219 suae
932 2166 1046 2219 fidei
1070 2165 1395 2219 confessione.
1441 2166 1707 2224 Silentium

205 2232 355 2302 igitur
394 2252 420 2288 a
461 2236 635 2307 Sergio
695 2242 902 2310 petitum
944 2260 997 2296 os
1035 2242 1236 2312 quidem
1293 2243 1578 2297 obstruebat
1616 2261 1707 2299 ca-

206 2308 420 2395 tholicis,
451 2329 512 2365 ne
552 2315 672 2368 duas
699 2319 1013 2387 operationes
1035 2319 1402 2389 praedicaren13
1433 2337 1549 2373 cum
1570 2317 1705 2377 haec

205 2397 381 2438 veritas
420 2405 579 2458 neque
621 2392 669 2443 in
709 2395 935 2463 symbolo
963 2395 1301 2450 contineretur
1327 2396 1579 2467 explicite,
1609 2415 1706 2454 ne·-

203 2476 298 2529 que
337 2463 396 2514 ab
436 2465 599 2536 aliquo
652 2468 874 2525 Concilio
914 2473 1019 2525 sive
1059 2472 1406 2538 oecumenico,
1446 2474 1553 2527 sive
1582 2492 1706 2545 par-

206 2536 391 2590 ticulari
432 2540 576 2595 suerit
614 2544 811 2599 delinita
844 2565 861 2615 3
903 2548 1110 2602 minime
1149 2565 1270 2604 vero
1310 2548 1652 2604 Monothelitis
1680 2590 1700 2619 ,

204 2627 297 2697 pro
334 2615 508 2683 quihus
534 2619 715 2689 dogma
745 2625 1070 2696 praecipuum
1099 2625 1214 2679 l'idei
1242 2642 1343 2679 una
1371 2625 1551 2681 Christi
1574 2644 1704 2703 ope-

205 2699 331 2742 ratio
370 2694 713 2751 constituebat.
1146 2732 1149 2735 -
