1780 3038
746 133 820 142 -
856 96 966 154 165
1005 129 1088 173 -p

442 250 495 304 S.
538 249 642 303 Leo

236 379 357 427 Num.
391 381 433 424 2.
482 379 569 425 Non
615 379 714 422 enim
754 391 869 434 supc-

179 455 264 484 rare
295 453 490 497 possemus
512 438 663 495 peccati
697 445 736 479 et
770 450 871 478 mor-

181 500 230 542 tis
251 506 463 546 auctorem,
487 497 558 539 nisi
595 504 768 539 naturam
800 508 870 536 no-

179 565 295 599 stram
327 555 392 599 ille
422 556 657 612 susciperet,
693 561 732 595 et
763 566 869 595 suam

178 615 339 663 faceret,
393 627 506 670 quem
552 627 624 655 nec
668 619 871 668 peccatum

180 673 459 721 contaminare,
494 684 567 714 nec
600 684 703 713 mors
749 669 873 726 potuit

180 731 371 781 detinere;
406 737 620 787 conceptus
636 727 785 785 quippe
815 735 875 769 est

178 788 227 831 de
257 788 400 845 Spiritu
431 790 574 831 Sancto
598 788 696 830 intra
724 794 874 829 uterum

177 846 313 890 Matris
342 845 526 902 Virginis.

234 904 358 951 Num.
393 904 434 947 2.
468 904 528 948 An
561 903 663 946 sorte
686 902 773 947 ideo
804 916 874 960 pu-

177 965 276 1007 tavit
307 961 513 1006 Dominum
545 969 716 1005 nostrum
749 961 873 1004 lesum

178 1020 371 1066 Christum
403 1035 480 1064 non
513 1028 669 1063 nostrae
691 1034 776 1064 esse
807 1033 877 1062 na-

177 1086 311 1132 turae,
345 1080 434 1136 quia
469 1078 607 1122 missus
637 1079 687 1121 ad
719 1078 875 1122 Beatam

175 1136 335 1182 Mariam
352 1151 503 1195 semper
532 1137 722 1194 virginem
744 1135 877 1192 Ange-
925 1172 929 1197 ζ

177 1195 236 1240 lus
266 1198 334 1240 ait:
367 1197 531 1255 Spiritus
563 1204 718 1239 sanctus
739 1209 876 1252 super-

176 1257 311 1300 veniet
342 1256 380 1298 in
412 1264 451 1298 te
482 1261 563 1297 etc.
599 1263 641 1297 ut
671 1255 761 1310 quia
781 1267 876 1296 con-

178 1322 315 1372 ceptus
339 1311 504 1370 Virginis
518 1312 639 1357 divini
663 1312 731 1355 suit
748 1313 874 1369 operi-

177 1372 245 1420 ris,
279 1387 355 1416 non
387 1373 437 1416 de
467 1380 602 1415 natura
621 1371 875 1429 concipientis

186 1430 306 1474 fuerit
337 1445 427 1474 caro
459 1430 674 1487 concepti?

233 1487 356 1535 Num.
392 1489 436 1532 3.
469 1489 687 1546 Assumpsit
717 1489 874 1531 sormam

175 1547 280 1590 servi
323 1549 406 1590 sine
450 1547 564 1590 sorde
615 1545 784 1605 peccati.
817 1544 876 1589 Et

177 1620 281 1649 num.
317 1605 342 1649 4
373 1605 579 1663 Assumpta
611 1614 671 1648 est
687 1605 735 1649 de
753 1612 875 1647 matre

175 1661 331 1707 Domini
362 1673 513 1714 natura,
547 1678 623 1706 non
655 1664 784 1722 culpa.

233 1720 354 1767 Num.
372 1724 415 1767 3.
435 1722 548 1766 Salva
566 1722 684 1777 igitur
699 1720 876 1780 proprie-

178 1787 257 1823 tate
288 1781 487 1839 utriusque
523 1789 682 1825 naturae
715 1789 756 1825 et
785 1780 878 1823 sub-

174 1840 357 1883 stantiae.

231 2012 355 2060 Num.
390 2014 431 2058 3.
468 2013 607 2058 Nostra
629 2022 756 2057 autem
779 2012 875 2057 dici-

174 2086 290 2122 mus,
326 2087 425 2130 quae
455 2074 494 2116 in
530 2073 644 2116 nobis
682 2074 731 2115 ab
764 2073 874 2115 initio

175 2130 334 2175 Creator
365 2131 556 2177 condidit.
576 2139 616 2174 et
632 2144 732 2188 quae
762 2144 875 2187 repa-

174 2189 294 2232 randa
324 2190 508 2247 suscepit.
544 2189 644 2234 Nam
668 2189 750 2240 itta,
777 2203 875 2245 quae

175 2247 525 2306 deceptorintulit,
550 2256 590 2292 et
609 2247 728 2291 homo
760 2247 877 2290 dece-

173 2315 263 2362 ptus
293 2307 464 2357 admisit,
489 2307 635 2350 nultum
658 2307 877 2350 habuerunt

173 2365 215 2406 in
246 2364 448 2408 Salvatore
479 2365 704 2422 vestigium.

230 2423 353 2470 Num.
371 2423 411 2467 4.
429 2423 650 2480 ingreditur
669 2437 761 2480 ergo
780 2423 877 2468 haec

174 2483 306 2526 mundi
329 2478 461 2525 infima
483 2482 600 2525 Filius
616 2479 703 2530 Dei,
725 2482 773 2525 de
788 2497 879 2526 coe-

175 2538 263 2584 lesti
295 2540 389 2583 sede
421 2539 664 2584 descendens
679 2547 719 2582 et
748 2554 770 2583 a
801 2556 881 2599 pa—

176 2604 283 2643 terna
307 2597 431 2656 gioria
453 2613 531 2642 non
548 2597 736 2642 recedens
750 2633 760 2649 ,
776 2614 878 2643 novo

177 2657 328 2707 ordine,
356 2671 456 2700 nova
479 2657 683 2700 nativitate
706 2671 880 2713 genera-

177 2721 254 2758 tus.
290 2715 402 2759 Novo
435 2715 570 2759 ordine
596 2750 607 2766 ,
643 2716 731 2772 quia
770 2716 876 2761 invi-

1157 246 1415 302 Honorius

1010 377 1132 424 Num.
1167 378 1208 421 2.
1244 378 1419 424 Christus
1462 376 1650 422 Dominus

953 437 991 479 in
1024 437 1274 480 similitudine
1324 439 1451 481 carnis
1497 437 1650 494 peceati

952 496 1131 545 veniens,
1151 504 1352 553 peecatum
1376 496 1652 540 mundiabstu-

954 553 1050 598 iit...
1085 554 1174 610 quia
1205 555 1288 597 sine
1318 563 1481 610 peceato
1508 568 1651 598 conce-

953 621 1040 668 ptus
1071 611 1119 654 de
1150 611 1295 669 Spiritu
1324 613 1494 663 Sancto,
1529 613 1650 656 etiam

954 669 1103 726 absque
1132 679 1297 727 peccato
1337 679 1399 714 est
1440 678 1572 729 partus
1602 670 1652 716 de

954 736 1088 771 sancta
1128 736 1168 770 et
1207 728 1449 773 immaculata
1493 728 1653 786 Virgine

957 785 1027 829 Dei
1059 787 1264 841 genitrice,
1288 788 1433 831 nntium
1449 788 1654 844 experiens

929 859 933 862 ·
958 844 1178 907 contagium
1209 845 1372 889 vitiatae
1401 853 1576 889 naturae.
1624 860 1631 871 ⁶

1013 901 1134 948 Itum.
1155 901 1198 945 2.
1220 901 1358 948 Etnon
1375 903 1423 947 de
1439 903 1564 954 coeio,
1583 904 1660 948 sed.

923 961 1006 1004 ⁴de
1048 969 1182 1004 sancta
1226 971 1286 1006 est
1326 971 1522 1021 assumpta
1563 976 1658 1010 cam

956 1019 1031 1064 Dei
1074 1018 1286 1077 genitrice.

1011 1481 1145 1533 Num.
1177 1486 1219 1532 3.
1243 1486 1496 1538 Adivinitate
1512 1466 1660 1534 assum-

959 1552 1025 1604 pta
1038 1554 1098 1589 est
1117 1554 1248 1590 nostra
1262 1556 1413 1600 natura,
1430 1563 1508 1593 non
1525 1549 1657 1609 culpa.

956 1721 1079 1769 Num.
1113 1720 1235 1779 2Ep.
1253 1722 1296 1766 1.
1321 1721 1551 1768 Mirabiiiter
1577 1737 1660 1768 maa

957 1783 1140 1825 nentibus
1172 1789 1419 1840 utrarumque
1436 1791 1660 1826 naturarum

956 1840 1213 1898 differentiis„
1233 1839 1294 1884 Et
1323 1855 1431 1884 num.
1465 1840 1492 1884 2
1523 1855 1587 1899 ep.
1613 1840 1656 1885 2.

957 1897 1187 1942 Naturarum
1219 1898 1461 1943 differentias
1487 1900 1662 1956 integras

957 1957 1207 2000 confitentes.

941 2014 1079 2059 Num.
1115 2016 1158 2058 3.
1192 2014 1226 2059 A
1247 2014 1451 2059 divinitate
1464 2023 1661 2073 assumpta

957 2081 1015 2116 est
1048 2081 1179 2116 nostra
1217 2081 1372 2124 natura‚·
1397 2074 1461 2117 itta
1482 2074 1663 2132 profecto
1714 2095 1717 2098 ·

957 2145 1057 2188 quae
1091 2140 1182 2174 ante
1212 2139 1417 2189 peccatum
1435 2139 1565 2176 creata
1583 2141 1658 2182 est,

958 2204 1036 2256 non
1058 2204 1160 2247 quae
1177 2198 1266 2248 post
1285 2191 1671 2247 praevaricationem·

956 2255 1109 2292 vitiata.

1014 2421 1137 2469 Num.
1170 2423 1214 2466 2.
1249 2438 1311 2481 ep,
1347 2422 1389 2467 2.
1420 2423 1531 2470 Unus
1559 2423 1665 2469 enim

924 2510 928 2514 -
958 2489 1075 2538 atque
1108 2481 1210 2525 idem
1242 2492 1301 2526 est
1330 2482 1490 2527 humilis
1518 2491 1559 2527 et
1588 2497 1665 2526 su-

960 2539 1105 2591 blimis,
1139 2541 1314 2596 aequalis
1341 2541 1444 2585 Patri
1465 2549 1505 2585 et
1534 2541 1665 2585 minor

961 2597 1090 2648 Patre,
1128 2598 1210 2656 ipse
1241 2608 1333 2643 ante
1355 2608 1529 2658 tempora
1551 2607 1666 2644 natus

965 2657 1002 2699 in
1035 2665 1209 2714 tempore
1231 2666 1305 2710 est;
1338 2672 1408 2716 per
1422 2673 1536 2716 quem
1562 2659 1665 2702 facta

961 2724 1049 2760 sunt
1098 2715 1255 2760 saecula
1304 2717 1427 2762 sactus
1476 2717 1517 2761 in
1567 2730 1665 2760 sae-
