1780 3038
728 132 807 144 —-
846 105 916 159 93
955 136 1031 145 —

128 180 212 235 vel
255 199 419 236 mmm
479 176 839 255 operationem
896 178 1134 257 [αππιαν
1179 179 1411 237 Domini
1446 180 1634 238 Nostri

128 255 251 312 >Iesu
279 254 499 327 Christe}
539 258 663 311 sicut
701 254 902 329 (loquor
924 258 972 310 in
1002 260 1421 312 Adversariorum
1464 257 1634 330 hypo-

126 332 277 407 thesi)
316 336 641 406 scripserunt,
686 352 848 389 unam
887 332 1207 391 voluntatem
1235 333 1471 410 fitlemttr
1517 335 1636 388 Do-

127 409 271 465 ·mmi
311 409 478 466 nostri
516 409 634 466 Iesu
675 409 895 481 Christe}
938 429 1052 466 cum
1096 414 1388 485 praesertim
1419 430 1445 465 a
1490 413 1636 482 prin-

128 487 265 559 cipio
304 489 435 542 circa
476 506 628 541 unam
670 491 1014 561 operationem
1049 490 1104 543 lis
1146 491 1290 543 suerit
1331 501 1502 544 exorta
1539 506 1637 560 po·—

129 565 229 618 tius
265 583 417 636 quam
458 566 590 619 circa
631 583 784 619 unam
827 563 1172 621 voluntatem?
1220 567 1309 622 vet
1339 584 1493 638 quare
1533 566 1638 619 sai-

124 653 235 695 ‹tem
276 660 377 696 non
419 643 722 714 scripserunt
773 645 1088 715 operationes
1146 642 1327 697 Christi
1389 643 1638 697 humanas

126 736 236 772 esse
274 737 412 773 mere
452 721 699 790 passivaS,
741 718 1117 791 humanamque
1157 719 1337 774 Christi
1405 732 1639 774 naturam

129 797 327 850 moveri
351 815 376 849 a
400 796 682 864 divinitate,
722 798 847 851 sicut
885 815 1067 869 corpus
1107 808 1341 852 movetur
1363 799 1423 851 ab
1447 797 1636 851 anima:

130 872 198 926 ita
242 884 295 925 ut
336 884 544 927 naturae
585 873 837 928 humanae
874 875 1080 945 quidem
1119 875 1181 927 sit
1221 871 1406 946 passim
1429 874 1521 927 Dei
1546 892 1642 927 au-

127 959 230 1002 tem
272 950 520 1021 operatio,
562 955 687 1004 sicut
724 951 996 1024 scripserat
1023 951 1227 1021 Sergius
1257 953 1306 1004 in
1331 969 1417 1005 sua
1442 952 1503 1005 ad
1535 951 1643 1004 Ho-

129 1026 333 1080 norium
372 1024 615 1099 epistola?
656 1029 798 1093 Quae
826 1029 1031 1100 quidem
1066 1029 1381 1082 ratiocinatio
1411 1045 1643 1081 summo-

127 1121 254 1174 -pere
296 1103 427 1159 valet
465 1115 639 1158 contra
680 1105 905 1158 Remum
946 1105 1230 1160 Bartoium.
1271 1106 1355 1175 qui
1385 1105 1644 1159 contendit

129 1180 294 1251 Sergii
335 1182 597 1252 epistolam
628 1199 654 1234 a
695 1181 1038 1236 Monothelitis
1079 1181 1225 1235 fuisse
1247 1193 1559 1253 corruptam,
1590 1193 1646 1235 ut

128 1258 459 1328 responderet
498 1259 738 1330 rescripto
778 1258 993 1312 Honorii
1036 1259 1098 1311 ab
1142 1259 1257 1330 ipsis
1297 1260 1486 1330 pariter
1524 1275 1645 1312 cor-

134 1345 305 1406 rup103
347 1335 583 1407 ponendo
620 1335 760 1388 enim
802 1336 852 1388 in
893 1335 1102 1408 epistola
1143 1336 1357 1389 Honorii
1388 1336 1647 1407 operatio-

135 1428 223 1465 nes
261 1409 507 1466 humanas
524 1411 707 1466 Christi
739 1430 877 1466 mere
900 1414 1118 1484 passivas
1145 1431 1271 1480 esse,
1297 1413 1474 1467 melius
1502 1420 1647 1466 utra-

128 1505 236 1559 que
277 1489 484 1560 epistola
527 1489 876 1561 respondisset.
921 1490 1066 1544 Certe
1105 1505 1221 1543 cum
1268 1500 1642 1560 corruperunt5

142 1565 223 1620 vel
264 1578 633 1638 supposuerunt
671 1565 762 1619 has
801 1567 1014 1621 Honorii
1045 1567 1464 1637 epistolasvalde
1502 1579 1648 1620 sc‘ru-

136 1642 296 1714 pulosi
340 1642 703 1697 Monothelitae
744 1641 965 1698 suerunt!
1010 1645 1073 1697 Et
1114 1661 1141 1695 a
1182 1662 1281 1716 quo
1313 1642 1647 1698 Monothelita

137 1720 199 1773 de
242 1720 324 1774 illa
367 1721 623 1775 voluntate
663 1719 908 1789 humana,
949 1739 1101 1791 quam
1138 1722 1186 1774 in
1227 1720 1425 1775 Christo
1467 1722 1649 1775 fatetur

71 1858 76 1863 ,
130 1796 414 1867 Honori-us,
457 1798 571 1852 illae
631 1798 847 1852 rationes
886 1799 1125 1868 assignari
1174 1809 1485 1870 potuerunt,
1526 1815 1651 1868 quas

137 1872 396 1928 Honorius
435 1876 671 1946 assignat3
711 1892 825 1929 cum
866 1893 928 1928 ex
969 1876 1026 1929 iis
1054 1875 1164 1930 luce
1203 1875 1386 1929 clarius
1414 1875 1651 1930 ostenda-

141 1962 242 2018 tur,
265 1953 390 2005 sicut
427 1953 711 2020 ostendam,
731 1970 847 2005 eam
875 1969 980 2006 esse
1010 1953 1322 2007 voluntatem
1351 1952 1651 2018 humanam,

130 2039 190 2081 et
227 2046 331 2082 non
373 2030 683 2084 voluntatem
724 2025 985 2084 divinam?
1030 2030 1108 2084 vei
1136 2031 1247 2101 quis
1284 2047 1347 2083 ex
1386 2027 1654 2085 Monothe-

134 2104 243 2159 titis
282 2107 342 2159 ad
382 2107 706 2179 explicandas
747 2107 1064 2178 operationes
1089 2106 1273 2161 Christi
1302 2106 1654 2178 desumpsisset

137 2185 577 2255 comparationem
618 2202 680 2238 ex
721 2183 816 2236 Dei
858 2185 1055 2238 actione
1094 2201 1191 2255 qua
1230 2183 1490 2237 homimes
1530 2182 1653 2237 moti

141 2267 440 2332 operantur,
483 2271 646 2332 spreta
687 2262 1064 2333 comparatione
1104 2261 1329 2333 corporis
1356 2261 1487 2330 quod
1540 2277 1657 2313 mo-

138 2348 292 2390 -vetur
332 2338 394 2390 ab
436 2340 602 2392 anima
633 2335 666 2392 ⁶?
709 2338 772 2391 Et
829 2337 954 2393 haec
1001 2339 1205 2409 quidem
1264 2339 1380 2392 satis
1416 2339 1513 2390 sint
1562 2352 1655 2408 pro

148 2413 311 2485 prima
354 2415 570 2469 Honorii
610 2415 840 2486 epistola.
883 2416 935 2469 Si
977 2416 1112 2468 enim
1143 2414 1350 2468 alteram
1395 2414 1659 2468 examine-

144 2507 277 2559 mus3
318 2493 428 2562 quis
467 2510 758 2562 unquam‘e
799 2490 1144 2546 Monothelitis
1180 2493 1454 2564 scripturus
1493 2491 1660 2545 suisset

139 2579 349 2621 naturas
387 2566 571 2622 Christi
610 2566 838 2642 propria
879 2578 1151 2636 operantes
1188 2577 1340 2639 atq-tce
1392 2565 1660 2643 operatri-

142 2662 227 2716 ces
263 2641 404 2698 esse?
445 2646 555 2699 Hoc
596 2647 732 2699 enim
773 2646 1059 2716 scribendO,
1101 2647 1219 2716 quid
1250 2645 1383 2698 aliud
1425 2645 1662 2700 dixissent

149 2721 241 2775 nisi
302 2722 423 2777 duas
482 2724 796 2795 operationes
858 2723 1134 2779 necessario
1195 2740 1300 2779 csse
1344 2724 1393 2777 in
1460 2721 1660 2776 Christo
