1780 3038
235 205 476 270 sumpla
515 204 584 250 est
625 201 822 248 natura
859 199 1064 252 nostra,
1093 208 1199 244 non
1254 191 1449 262 culpa3
1461 228 1463 231 v
1511 189 1698 260 absque

269 274 453 326 scilieet
491 271 770 325 carnalibus
811 268 1149 322 voluntatibus
1189 283 1246 320 ac
1286 247 1694 336 cogitationibu5‚

270 362 322 401 ut
361 351 503 401 divus
542 346 837 399 Athanasius
875 346 961 411 θὴς
1002 360 1102 396 non
1145 354 1309 395 autem
1360 344 1557 407 etiam,
1597 358 1697 411 qua

271 424 422 477 homo
462 434 567 476 erat
608 423 737 474 idem
781 421 881 490 ipse
921 420 1003 489 qui
1046 430 1093 472 et
1133 420 1267 471 Deus
1309 430 1482 471 natura
1511 418 1697 471 existe-

269 502 372 569 bat,
414 517 513 553 non
558 498 741 550 habere
782 496 1057 548 humanam
1097 505 1146 547 et
1186 495 1463 548 naturalem
1511 496 1698 546 volun-

269 586 440 640 tatem,
481 575 549 626 uti
590 591 708 626 sane
747 574 899 626 etiam
940 572 1163 625 divinam
1205 583 1581 642 paternamque.

270 651 562 721 «ldipsum
601 661 766 702 autem
807 650 957 701 etiam
1000 649 1049 700 in
1104 649 1423 717 sequentibus
1483 645 1694 712 innuit,

265 727 454 780 dicens:
496 725 620 781 Sme
674 733 880 808 peceato
941 731 1213 796 conceptus
1261 732 1331 777 es!
1387 721 1452 778 de
1489 719 1699 794 Spiritu

267 800 481 869 Sancto,
523 810 568 856 et
615 807 796 855 sancta
838 799 1154 854 tutemet-ata
1180 818 1497 883 semperque
1514 795 1698 870 ,νίν-φ’-

264 897 327 933 ne
368 878 467 932 Dei
510 875 772 933 Genitrt'ce
812 874 1017 944 Maria,
1058 889 1106 930 ec
1143 894 1253 929 stne
1287 872 1594 947 contaqione
1633 894 1700 929 ex

264 972 323 1007 ea
369 951 655 1008 secundum
712 971 926 1007 carnem
975 959 1134 1007 natus
1163 960 1251 1006 est.
1285 953 1521 1006 Divinam
1545 968 1722 1022 porro¹

265 1030 574 1101 scripturam
634 1030 682 1082 in
724 1030 882 1083 laudis
942 1042 1137 1101 partem
1199 1046 1256 1082 ac
1318 1029 1702 1099 vituperationis

265 1107 428 1159 earnis
469 1107 750 1159 meminisse
784 1106 1016 1176 profert,
1058 1123 1159 1158 non
1209 1116 1264 1157 ut
1322 1106 1472 1158 aliam
1522 1115 1701 1157 natura

265 1200 324 1236 ao
362 1182 628 1236 substantia
669 1183 875 1235 Domini
918 1200 1120 1235 carnem
1153 1218 1169 1247 ,
1226 1198 1378 1252 quam
1430 1193 1649 1234 nostram
1680 1217 1701 1248 ,

266 1260 640 1329 intelligendam
682 1275 784 1312 esse
824 1260 1127 1326 admoneat3
1169 1255 1339 1312 absit!
1386 1259 1573 1329 quippe
1613 1257 1698 1328 qui

265 1335 394 1388 hane
434 1354 496 1388 ex
536 1346 702 1389 nostra
763 1347 1066 1407 assumptam
1118 1335 1387 1387 substantia
1439 1345 1702 1398 noverat,

266 1412 311 1464 id
353 1423 463 1477 est,
507 1430 569 1465 ex
615 1413 921 1464 sanctissimo
981 1422 1122 1464 utero
1163 1411 1387 1464 eiusdem
1435 1411 1703 1464 nobiseum

265 1497 471 1540 naturae
494 1501 762 1559 perpetuae
787 1489 1005 1557 Virginis
1026 1506 1082 1541 ae
1105 1488 1375 1557 Deiparae3
1419 1488 1503 1542 sed
1546 1487 1702 1540 aliam

265 1565 502 1634 peccandi
546 1566 816 1635 pronitate,
859 1566 1090 1635 quodque
1120 1564 1404 1616 nuliatenus
1445 1563 1583 1617 veiut
1611 1579 1705 1616 nos

266 1642 612 1694 adversantem
655 1641 750 1710 legi
793 1642 1046 1711 SpirituS‚
1089 1658 1216 1711 quae
1262 1658 1324 1693 ex
1374 1640 1703 1711 praevarica-

266 1717 399 1770 tione
438 1727 530 1783 est,
575 1718 622 1769 in
667 1719 904 1770 membris
943 1718 1107 1787 legem
1160 1715 1382 1771 haberet.
1416 1713 1702 1777 Nortenim

264 1801 533 1865 assumpta
572 1801 685 1863 est,
728 1794 909 1864 inquit,
951 1814 985 1848 a
1024 1791 1301 1849 Salvatore
1342 1812 1470 1847 caro
1510 1812 1543 1846 a
1581 1810 1703 1866 pec-e

265 1877 379 1923 cato
419 1878 691 1942 corrupta,
721 1889 854 1939 quae
882 1877 1199 1943 repuqnaret
1225 1867 1326 1941 leqi
1353 1867 1542 1923 mentis
1567 1866 1700 1935 eiu83

263 1946 403 1997 euius
441 1946 598 2015 enim,
639 1963 767 2015 quae
810 1965 899 2016 per
926 1964 1097 2000 semen
1127 1957 1221 2011 est,
1249 1945 1564 2016 generationi
1597 1962 1703 1999 non

267 2021 482 2091 praeivit
521 2022 707 2091 peceati
759 2022 860 2088 hx,
891 2021 1042 2075 huius
1081 2023 1290 2077 omnino
1321 2039 1412 2075 nec
1455 2022 1504 2074 in
1536 2039 1705 2075 mem-

268 2098 368 2149 bris
406 2107 497 2163 est·
538 2099 620 2150 sed
663 2098 865 2152 divinae
909 2098 988 2151 lex
1029 2099 1261 2167 iustitiae‚
1291 2100 1351 2152 ad
1385 2098 1706 2163 informatio-5

267 2190 382 2226 nem
424 2173 566 2226 nobis
602 2174 826 2240 elnaem,
858 2169 1121 2245 legemque
1150 2175 1368 2246 perfecte
1395 2175 1601 2228 abolens
1639 2192 1708 2229 ex

265 2250 699 2337 praevaricatione
745 2250 970 2304 inolitam
1014 2263 1242 2304 naturae.
1316 2249 1464 2306 Venit
1511 2248 1651 2304 enim
1683 2287 1702 2316 ‚

263 2326 446 2395 inquit,
488 2323 580 2396 qui
617 2324 873 2381 immunis
911 2346 946 2380 a
980 2335 1192 2410 peceato
1232 2334 1324 2398 est,
1365 2346 1634 2397 quaerere
1634 2334 1718 2383 et..

266 2402 474 2455 salvum
533 2399 708 2474 facete
746 2400 885 2472 quod
919 2400 1200 2476 perierat·
1187 2443 1203 2471 9
1245 2401 1471 2462 humani
1506 2401 1702 2458 scilicet

266 2495 470 2548 qenerts
507 2486 783 2549 naturam,
812 2494 955 2562 ‘quae
992 2487 1310 2551 peccaverat.
1375 2477 1499 2534 Atia
1556 2477 1708 2540 enim.

268 2552 351 2607 lew
390 2573 447 2607 m
488 2550 734 2608 membres
773 2574 882 2608 ems
920 2563 1012 2609 aut
1050 2555 1292 2610 voluntas
1330 2553 1582 2622 diversa,
1623 2553 1702 2609 vel

269 2627 430 2683 Patri
468 2638 739 2684 contrarta
778 2650 883 2686 non
922 2629 1072 2705 fttzt
1053 2651 1109 2686 tn
1138 2628 1385 2686 membtis
1412 2650 1536 2687 estus.
1568 2632 1709 2699 0μί-

271 2706 359 2758 bus
398 2707 651 2774 ostendit,
695 2725 793 2761 non
834 2709 966 2780 quod
1010 2725 1109 2762 non
1152 2707 1383 2762 habuerit
1423 2707 1697 2762 humanam
