<?xml version="1.0" encoding="UTF-8"?>
<!DOCTYPE html PUBLIC "-//W3C//DTD XHTML 1.0 Transitional//EN"
    "http://www.w3.org/TR/xhtml1/DTD/xhtml1-transitional.dtd">
<html xmlns="http://www.w3.org/1999/xhtml" xml:lang="en" lang="en">
 <head>
  <title>
</title>
<meta http-equiv="Content-Type" content="text/html;charset=utf-8" />
  <meta name='ocr-system' content='tesseract 3.04.00' />
  <meta name='ocr-capabilities' content='ocr_page ocr_carea ocr_par ocr_line ocrx_word'/>
</head>
<body>
  <div class='ocr_page' id='page_1' title='image "a603242300pennuoft_0051.png"; bbox 0 0 1780 3038; ppageno 0'>
   <div class='ocr_carea' id='block_1_1' title="bbox 86 236 1649 2829">
    <p class='ocr_par' dir='ltr' id='par_1_1' title="bbox 103 236 1612 998">
     <span class='ocr_line' id='line_1_1' title="bbox 112 236 1612 308; baseline 0 -18"><span class='ocrx_word' id='word_1_1' title='bbox 112 246 350 308; x_wconf 78' lang='lat' dir='ltr'><strong>corrupta</strong></span> <span class='ocrx_word' id='word_1_2' title='bbox 390 243 484 301; x_wconf 83' lang='lat' dir='ltr'><strong>est,</strong></span> <span class='ocrx_word' id='word_1_3' title='bbox 529 236 593 287; x_wconf 88' lang='lat' dir='ltr'><strong>ita</strong></span> <span class='ocrx_word' id='word_1_4' title='bbox 635 236 773 290; x_wconf 76' lang='lat' dir='ltr'><strong>utei</strong></span> <span class='ocrx_word' id='word_1_5' title='bbox 813 237 911 290; x_wconf 88' lang='lat' dir='ltr'><strong>sint</strong></span> <span class='ocrx_word' id='word_1_6' title='bbox 949 236 1116 290; x_wconf 90' lang='lat' dir='ltr'><strong>addita</strong></span> <span class='ocrx_word' id='word_1_7' title='bbox 1146 273 1163 303; x_wconf 92' lang='lat'><strong><em>‚</em></strong></span> <span class='ocrx_word' id='word_1_8' title='bbox 1204 245 1390 307; x_wconf 79' lang='lat' dir='ltr'><strong>quanta</strong></span> <span class='ocrx_word' id='word_1_9' title='bbox 1429 236 1612 292; x_wconf 86' lang='lat' dir='ltr'><strong>dicun-</strong></span> 
     </span>
     <span class='ocr_line' id='line_1_2' title="bbox 112 312 1611 386; baseline -0.001 -20"><span class='ocrx_word' id='word_1_10' title='bbox 112 326 223 381; x_wconf 80' lang='lat' dir='ltr'><strong>tur3</strong></span> <span class='ocrx_word' id='word_1_11' title='bbox 263 312 599 382; x_wconf 75' lang='lat' dir='ltr'>corruptionis</span> <span class='ocrx_word' id='word_1_12' title='bbox 639 322 813 365; x_wconf 90' lang='lat' dir='ltr'><strong>auctor</strong></span> <span class='ocrx_word' id='word_1_13' title='bbox 852 313 978 368; x_wconf 89' lang='lat' dir='ltr'><strong>adeo</strong></span> <span class='ocrx_word' id='word_1_14' title='bbox 1020 313 1191 368; x_wconf 81' lang='lat' dir='ltr'><strong>valens</strong></span> <span class='ocrx_word' id='word_1_15' title='bbox 1242 313 1355 386; x_wconf 78' lang='lat' dir='ltr'><strong>fuit,</strong></span> <span class='ocrx_word' id='word_1_16' title='bbox 1410 323 1464 366; x_wconf 75' lang='lat' dir='ltr'><strong>ut</strong></span> <span class='ocrx_word' id='word_1_17' title='bbox 1501 323 1611 386; x_wconf 90' lang='lat' dir='ltr'><strong>sty-</strong></span> 
     </span>
     <span class='ocr_line' id='line_1_3' title="bbox 113 388 1611 461; baseline 0.001 -18"><span class='ocrx_word' id='word_1_18' title='bbox 113 390 218 443; x_wconf 92' lang='lat' dir='ltr'><strong>lum</strong></span> <span class='ocrx_word' id='word_1_19' title='bbox 258 388 420 459; x_wconf 84' lang='lat' dir='ltr'><strong>Sergii</strong></span> <span class='ocrx_word' id='word_1_20' title='bbox 460 388 689 460; x_wconf 85' lang='lat' dir='ltr'><strong>apprime</strong></span> <span class='ocrx_word' id='word_1_21' title='bbox 727 389 952 445; x_wconf 77' lang='lat' dir='ltr'><strong>calluisse</strong></span> <span class='ocrx_word' id='word_1_22' title='bbox 991 390 1239 461; x_wconf 88' lang='lat' dir='ltr'><strong>putandus</strong></span> <span class='ocrx_word' id='word_1_23' title='bbox 1263 390 1342 443; x_wconf 86' lang='lat' dir='ltr'><strong>sit.</strong></span> <span class='ocrx_word' id='word_1_24' title='bbox 1392 389 1444 443; x_wconf 91' lang='lat' dir='ltr'><strong>Si</strong></span> <span class='ocrx_word' id='word_1_25' title='bbox 1473 392 1611 444; x_wconf 89' lang='lat' dir='ltr'><strong>enim</strong></span> 
     </span>
     <span class='ocr_line' id='line_1_4' title="bbox 111 465 1611 538; baseline -0.001 -18"><span class='ocrx_word' id='word_1_26' title='bbox 111 465 264 537; x_wconf 87' lang='lat' dir='ltr'><strong>hujus</strong></span> <span class='ocrx_word' id='word_1_27' title='bbox 303 465 566 537; x_wconf 82' lang='lat' dir='ltr'><strong>epistolam</strong></span> <span class='ocrx_word' id='word_1_28' title='bbox 606 465 668 518; x_wconf 84' lang='lat' dir='ltr'><strong>ad</strong></span> <span class='ocrx_word' id='word_1_29' title='bbox 709 465 901 537; x_wconf 86' lang='lat' dir='ltr'><strong>Cyrum</strong></span> <span class='ocrx_word' id='word_1_30' title='bbox 939 467 1307 538; x_wconf 80' lang='lat' dir='ltr'><strong>expendamuS‚</strong></span> <span class='ocrx_word' id='word_1_31' title='bbox 1345 476 1395 521; x_wconf 89' lang='lat' dir='ltr'><strong>et</strong></span> <span class='ocrx_word' id='word_1_32' title='bbox 1433 466 1611 519; x_wconf 76' lang='lat' dir='ltr'><strong>conse·-</strong></span> 
     </span>
     <span class='ocr_line' id='line_1_5' title="bbox 110 541 1609 614; baseline -0.003 -15"><span class='ocrx_word' id='word_1_33' title='bbox 110 561 281 601; x_wconf 84' lang='lat' dir='ltr'><strong>ramus</strong></span> <span class='ocrx_word' id='word_1_34' title='bbox 321 559 438 597; x_wconf 88' lang='lat' dir='ltr'><strong>cum</strong></span> <span class='ocrx_word' id='word_1_35' title='bbox 480 541 728 613; x_wconf 78' lang='lat' dir='ltr'>Epistola,</span> <span class='ocrx_word' id='word_1_36' title='bbox 770 558 922 613; x_wconf 89' lang='lat' dir='ltr'><strong>quam</strong></span> <span class='ocrx_word' id='word_1_37' title='bbox 963 544 1025 597; x_wconf 82' lang='lat' dir='ltr'><strong>ad</strong></span> <span class='ocrx_word' id='word_1_38' title='bbox 1064 543 1352 597; x_wconf 85' lang='lat' dir='ltr'><strong>Honorium</strong></span> <span class='ocrx_word' id='word_1_39' title='bbox 1391 543 1609 614; x_wconf 79' lang='lat' dir='ltr'><strong>scripsit,</strong></span> 
     </span>
     <span class='ocr_line' id='line_1_6' title="bbox 111 618 1611 690; baseline -0.001 -15"><span class='ocrx_word' id='word_1_40' title='bbox 111 621 320 676; x_wconf 88' lang='lat' dir='ltr'><strong>omnino</strong></span> <span class='ocrx_word' id='word_1_41' title='bbox 359 618 796 690; x_wconf 74' lang='lat' dir='ltr'><strong>deprehendemus</strong></span> <span class='ocrx_word' id='word_1_42' title='bbox 824 620 1080 690; x_wconf 84' lang='lat' dir='ltr'><strong>utriusque</strong></span> <span class='ocrx_word' id='word_1_43' title='bbox 1108 638 1266 673; x_wconf 87' lang='lat' dir='ltr'><strong>unum</strong></span> <span class='ocrx_word' id='word_1_44' title='bbox 1294 621 1611 690; x_wconf 83' lang='lat' dir='ltr'><strong>eundemque</strong></span> 
     </span>
     <span class='ocr_line' id='line_1_7' title="bbox 113 696 1611 767; baseline -0.001 -15"><span class='ocrx_word' id='word_1_45' title='bbox 113 707 369 753; x_wconf 74' lang='lat' dir='ltr'><strong>auctorem</strong></span> <span class='ocrx_word' id='word_1_46' title='bbox 410 713 513 749; x_wconf 84' lang='lat' dir='ltr'><strong>esse</strong></span> <span class='ocrx_word' id='word_1_47' title='bbox 552 696 810 766; x_wconf 82' lang='lat' dir='ltr'><strong>Sergium3</strong></span> <span class='ocrx_word' id='word_1_48' title='bbox 854 697 903 748; x_wconf 90' lang='lat' dir='ltr'><strong>ni</strong></span> <span class='ocrx_word' id='word_1_49' title='bbox 944 696 1113 751; x_wconf 84' lang='lat' dir='ltr'><strong>dicere</strong></span> <span class='ocrx_word' id='word_1_50' title='bbox 1161 697 1394 765; x_wconf 80' lang='lat' dir='ltr'><strong>velimuS‚</strong></span> <span class='ocrx_word' id='word_1_51' title='bbox 1436 696 1611 767; x_wconf 85' lang='lat' dir='ltr'><strong>impo-</strong></span> 
     </span>
     <span class='ocr_line' id='line_1_8' title="bbox 109 769 1610 844; baseline -0.001 -15"><span class='ocrx_word' id='word_1_52' title='bbox 109 785 296 829; x_wconf 82' lang='lat' dir='ltr'><strong>storem</strong></span> <span class='ocrx_word' id='word_1_53' title='bbox 333 784 382 826; x_wconf 90' lang='lat' dir='ltr'><strong>et</strong></span> <span class='ocrx_word' id='word_1_54' title='bbox 422 773 688 843; x_wconf 88' lang='lat' dir='ltr'><strong>epistolam</strong></span> <span class='ocrx_word' id='word_1_55' title='bbox 731 773 794 825; x_wconf 85' lang='lat' dir='ltr'><strong>ad</strong></span> <span class='ocrx_word' id='word_1_56' title='bbox 834 772 1027 844; x_wconf 82' lang='lat' dir='ltr'><strong>Cyrum</strong></span> <span class='ocrx_word' id='word_1_57' title='bbox 1067 769 1375 843; x_wconf 36' lang='lat' dir='ltr'><strong>corrupisse-2⁴</strong></span> <span class='ocrx_word' id='word_1_58' title='bbox 1402 783 1455 825; x_wconf 88' lang='lat' dir='ltr'><strong>ut</strong></span> <span class='ocrx_word' id='word_1_59' title='bbox 1482 771 1610 827; x_wconf 77' lang='lat' dir='ltr'><strong>haee</strong></span> 
     </span>
     <span class='ocr_line' id='line_1_9' title="bbox 107 848 1609 921; baseline -0.001 -16"><span class='ocrx_word' id='word_1_60' title='bbox 107 851 441 905; x_wconf 86' lang='lat' dir='ltr'><strong>concordaret</strong></span> <span class='ocrx_word' id='word_1_61' title='bbox 482 867 599 903; x_wconf 92' lang='lat' dir='ltr'><strong>cum</strong></span> <span class='ocrx_word' id='word_1_62' title='bbox 640 848 849 920; x_wconf 89' lang='lat' dir='ltr'><strong>epistola</strong></span> <span class='ocrx_word' id='word_1_63' title='bbox 888 849 1053 921; x_wconf 73' lang='lat' dir='ltr'><strong>Sergii</strong></span> <span class='ocrx_word' id='word_1_64' title='bbox 1095 851 1159 904; x_wconf 83' lang='lat' dir='ltr'><strong>ad</strong></span> <span class='ocrx_word' id='word_1_65' title='bbox 1198 849 1507 905; x_wconf 83' lang='lat' dir='ltr'><strong>Honorium.</strong></span> <span class='ocrx_word' id='word_1_66' title='bbox 1543 851 1609 907; x_wconf 75' lang='lat' dir='ltr'><strong>At</strong></span> 
     </span>
     <span class='ocr_line' id='line_1_10' title="bbox 103 922 713 998; baseline -0.003 -16"><span class='ocrx_word' id='word_1_67' title='bbox 103 940 231 983; x_wconf 37' lang='lat' dir='ltr'><strong>*tunc</strong></span> <span class='ocrx_word' id='word_1_68' title='bbox 269 943 370 998; x_wconf 90' lang='lat' dir='ltr'><strong>quo</strong></span> <span class='ocrx_word' id='word_1_69' title='bbox 410 926 657 979; x_wconf 81' lang='lat' dir='ltr'><strong>abibimus</strong></span> <span class='ocrx_word' id='word_1_70' title='bbox 680 922 713 980; x_wconf 75' lang='lat'><strong>⁶?</strong></span> 
     </span>
    </p>

    <p class='ocr_par' dir='ltr' id='par_1_2' title="bbox 107 1001 1608 1215">
     <span class='ocr_line' id='line_1_11' title="bbox 186 1001 1608 1079; baseline -0.001 -21"><span class='ocrx_word' id='word_1_71' title='bbox 186 1005 266 1059; x_wconf 89' lang='lat' dir='ltr'><strong>En</strong></span> <span class='ocrx_word' id='word_1_72' title='bbox 309 1020 430 1058; x_wconf 82' lang='lat' dir='ltr'><strong>vero</strong></span> <span class='ocrx_word' id='word_1_73' title='bbox 469 1002 677 1073; x_wconf 86' lang='lat' dir='ltr'><strong>epistola</strong></span> <span class='ocrx_word' id='word_1_74' title='bbox 716 1001 881 1071; x_wconf 77' lang='lat' dir='ltr'><strong>Sergii</strong></span> <span class='ocrx_word' id='word_1_75' title='bbox 925 1002 987 1057; x_wconf 81' lang='lat' dir='ltr'><strong>ad</strong></span> <span class='ocrx_word' id='word_1_76' title='bbox 1027 1003 1219 1076; x_wconf 86' lang='lat' dir='ltr'><strong>Cyrum</strong></span> <span class='ocrx_word' id='word_1_77' title='bbox 1250 1043 1268 1079; x_wconf 76' lang='grc'>,</span> <span class='ocrx_word' id='word_1_78' title='bbox 1308 1020 1438 1074; x_wconf 84' lang='lat' dir='ltr'><strong>quae</strong></span> <span class='ocrx_word' id='word_1_79' title='bbox 1478 1001 1608 1057; x_wconf 75' lang='lat' dir='ltr'><strong>lecta</strong></span> 
     </span>
     <span class='ocr_line' id='line_1_12' title="bbox 107 1079 1608 1154; baseline -0.002 -19"><span class='ocrx_word' id='word_1_80' title='bbox 107 1091 181 1135; x_wconf 76' lang='lat' dir='ltr'><strong>est</strong></span> <span class='ocrx_word' id='word_1_81' title='bbox 219 1081 431 1135; x_wconf 83' lang='lat' dir='ltr'><strong>Actione</strong></span> <span class='ocrx_word' id='word_1_82' title='bbox 469 1080 589 1134; x_wconf 80' lang='grc' dir='ltr'><strong>ΧΠ.</strong></span> <span class='ocrx_word' id='word_1_83' title='bbox 634 1090 750 1135; x_wconf 90' lang='lat' dir='ltr'><strong>ante</strong></span> <span class='ocrx_word' id='word_1_84' title='bbox 792 1079 931 1138; x_wconf 85' lang='lat' dir='ltr'><strong>illam</strong></span> <span class='ocrx_word' id='word_1_85' title='bbox 963 1116 981 1148; x_wconf 85' lang='lat'>‚</span> <span class='ocrx_word' id='word_1_86' title='bbox 1022 1097 1175 1154; x_wconf 83' lang='lat' dir='ltr'><strong>quam</strong></span> <span class='ocrx_word' id='word_1_87' title='bbox 1216 1080 1280 1137; x_wconf 82' lang='lat' dir='ltr'><strong>ad</strong></span> <span class='ocrx_word' id='word_1_88' title='bbox 1318 1081 1608 1135; x_wconf 86' lang='lat' dir='ltr'><strong>Honoriurn</strong></span> 
     </span>
     <span class='ocr_line' id='line_1_13' title="bbox 109 1158 263 1215; baseline -0.026 0"><span class='ocrx_word' id='word_1_89' title='bbox 109 1158 263 1215; x_wconf 83' lang='lat' dir='ltr'><strong>dedit.</strong></span> 
     </span>
    </p>

    <p class='ocr_par' dir='ltr' id='par_1_3' title="bbox 86 1230 1649 2829">
     <span class='ocr_line' id='line_1_14' title="bbox 187 1230 1608 1306; baseline -0.002 -15"><span class='ocrx_word' id='word_1_90' title='bbox 187 1256 214 1291; x_wconf 88' lang='lat'>«</span> <span class='ocrx_word' id='word_1_91' title='bbox 259 1233 507 1305; x_wconf 77' lang='lat' dir='ltr'><strong>Apparuit</strong></span> <span class='ocrx_word' id='word_1_92' title='bbox 544 1232 750 1305; x_wconf 89' lang='lat' dir='ltr'><strong>quidem</strong></span> <span class='ocrx_word' id='word_1_93' title='bbox 810 1230 954 1287; x_wconf 78' lang='lat' dir='ltr'><strong>nobis</strong></span> <span class='ocrx_word' id='word_1_94' title='bbox 1013 1234 1179 1287; x_wconf 88' lang='lat' dir='ltr'><strong>statim</strong></span> <span class='ocrx_word' id='word_1_95' title='bbox 1241 1243 1292 1288; x_wconf 87' lang='lat' dir='ltr'><strong>et</strong></span> <span class='ocrx_word' id='word_1_96' title='bbox 1351 1251 1379 1287; x_wconf 91' lang='lat' dir='ltr'><strong>a</strong></span> <span class='ocrx_word' id='word_1_97' title='bbox 1440 1234 1608 1306; x_wconf 89' lang='lat' dir='ltr'><strong>primo</strong></span> 
     </span>
     <span class='ocr_line' id='line_1_15' title="bbox 111 1308 1608 1382; baseline -0.001 -14"><span class='ocrx_word' id='word_1_98' title='bbox 111 1330 140 1368; x_wconf 66' lang='lat' dir='ltr'><strong><em>a</em></strong></span> <span class='ocrx_word' id='word_1_99' title='bbox 186 1311 531 1382; x_wconf 83' lang='lat' dir='ltr'><strong>experimento</strong></span> <span class='ocrx_word' id='word_1_100' title='bbox 582 1308 904 1365; x_wconf 78' lang='lat' dir='ltr'><strong>vehementia</strong></span> <span class='ocrx_word' id='word_1_101' title='bbox 943 1319 995 1365; x_wconf 88' lang='lat' dir='ltr'><strong>et</strong></span> <span class='ocrx_word' id='word_1_102' title='bbox 1031 1311 1266 1365; x_wconf 73' lang='lat' dir='ltr'><strong>sedulitas</strong></span> <span class='ocrx_word' id='word_1_103' title='bbox 1304 1327 1474 1364; x_wconf 86' lang='lat' dir='ltr'><strong>sensus</strong></span> <span class='ocrx_word' id='word_1_104' title='bbox 1497 1312 1608 1366; x_wconf 89' lang='lat' dir='ltr'><strong>Deo</strong></span> 
     </span>
     <span class='ocr_line' id='line_1_16' title="bbox 100 1386 1607 1460; baseline 0 -18"><span class='ocrx_word' id='word_1_105' title='bbox 100 1407 140 1442; x_wconf 76' lang='grc' dir='ltr'><strong>-α</strong></span> <span class='ocrx_word' id='word_1_106' title='bbox 186 1387 503 1442; x_wconf 76' lang='lat' dir='ltr'><strong>amabilitatis</strong></span> <span class='ocrx_word' id='word_1_107' title='bbox 541 1397 758 1454; x_wconf 81' lang='lat' dir='ltr'><strong>vestrae,</strong></span> <span class='ocrx_word' id='word_1_108' title='bbox 802 1402 937 1439; x_wconf 87' lang='lat' dir='ltr'><strong>nunc</strong></span> <span class='ocrx_word' id='word_1_109' title='bbox 976 1397 1148 1441; x_wconf 77' lang='lat' dir='ltr'><strong>autem</strong></span> <span class='ocrx_word' id='word_1_110' title='bbox 1187 1386 1347 1442; x_wconf 88' lang='lat' dir='ltr'><strong>multo</strong></span> <span class='ocrx_word' id='word_1_111' title='bbox 1388 1387 1607 1460; x_wconf 75' lang='lat' dir='ltr'><strong>amplius</strong></span> 
     </span>
     <span class='ocr_line' id='line_1_17' title="bbox 113 1463 1606 1537; baseline -0.001 -17"><span class='ocrx_word' id='word_1_112' title='bbox 113 1483 142 1521; x_wconf 69' lang='lat' dir='ltr'><strong>tt</strong></span> <span class='ocrx_word' id='word_1_113' title='bbox 188 1483 279 1537; x_wconf 90' lang='lat' dir='ltr'><strong>per</strong></span> <span class='ocrx_word' id='word_1_114' title='bbox 315 1463 441 1519; x_wconf 88' lang='lat' dir='ltr'><strong>haec</strong></span> <span class='ocrx_word' id='word_1_115' title='bbox 471 1501 489 1532; x_wconf 80' lang='lat'>,</span> <span class='ocrx_word' id='word_1_116' title='bbox 532 1480 662 1535; x_wconf 83' lang='lat' dir='ltr'><strong>quae</strong></span> <span class='ocrx_word' id='word_1_117' title='bbox 718 1463 954 1534; x_wconf 86' lang='lat' dir='ltr'><strong>scripsit,</strong></span> <span class='ocrx_word' id='word_1_118' title='bbox 995 1463 1250 1518; x_wconf 89' lang='lat' dir='ltr'><strong>solertiam</strong></span> <span class='ocrx_word' id='word_1_119' title='bbox 1308 1464 1417 1535; x_wconf 86' lang='lat' dir='ltr'><strong>ejus</strong></span> <span class='ocrx_word' id='word_1_120' title='bbox 1458 1476 1606 1535; x_wconf 79' lang='lat' dir='ltr'><strong>atquc</strong></span> 
     </span>
     <span class='ocr_line' id='line_1_18' title="bbox 113 1538 1649 1613; baseline -0.002 -15"><span class='ocrx_word' id='word_1_121' title='bbox 113 1560 142 1598; x_wconf 70' lang='lat' dir='ltr'><strong>e</strong></span> <span class='ocrx_word' id='word_1_122' title='bbox 187 1541 500 1612; x_wconf 81' lang='lat' dir='ltr'><strong>diligentiam</strong></span> <span class='ocrx_word' id='word_1_123' title='bbox 541 1541 887 1594; x_wconf 78' lang='lat' dir='ltr'><strong>addidicimus.</strong></span> <span class='ocrx_word' id='word_1_124' title='bbox 931 1539 1198 1595; x_wconf 87' lang='lat' dir='ltr'><strong>Insinuans</strong></span> <span class='ocrx_word' id='word_1_125' title='bbox 1236 1543 1424 1613; x_wconf 85' lang='lat' dir='ltr'><strong>quippe</strong></span> <span class='ocrx_word' id='word_1_126' title='bbox 1473 1538 1649 1597; x_wconf 60' lang='lat' dir='ltr'><strong>rele-&#39;</strong></span> 
     </span>
     <span class='ocr_line' id='line_1_19' title="bbox 113 1617 1608 1691; baseline -0.001 -16"><span class='ocrx_word' id='word_1_127' title='bbox 113 1637 142 1675; x_wconf 74' lang='lat' dir='ltr'><strong>tt</strong></span> <span class='ocrx_word' id='word_1_128' title='bbox 187 1619 316 1691; x_wconf 83' lang='lat' dir='ltr'><strong>gisse</strong></span> <span class='ocrx_word' id='word_1_129' title='bbox 374 1619 603 1673; x_wconf 82' lang='lat' dir='ltr'><strong>divinam</strong></span> <span class='ocrx_word' id='word_1_130' title='bbox 658 1617 938 1688; x_wconf 78' lang='lat' dir='ltr'><strong>jussionem</strong></span> <span class='ocrx_word' id='word_1_131' title='bbox 997 1617 1251 1671; x_wconf 81' lang='lat' dir='ltr'><strong>fortissimi</strong></span> <span class='ocrx_word' id='word_1_132' title='bbox 1292 1629 1342 1673; x_wconf 88' lang='lat' dir='ltr'><strong>et</strong></span> <span class='ocrx_word' id='word_1_133' title='bbox 1399 1636 1428 1672; x_wconf 86' lang='lat' dir='ltr'><strong>a</strong></span> <span class='ocrx_word' id='word_1_134' title='bbox 1493 1618 1608 1673; x_wconf 86' lang='lat' dir='ltr'><strong>Deo</strong></span> 
     </span>
     <span class='ocr_line' id='line_1_20' title="bbox 111 1693 1611 1766; baseline -0.004 -14"><span class='ocrx_word' id='word_1_135' title='bbox 111 1716 140 1752; x_wconf 87' lang='lat'>«</span> <span class='ocrx_word' id='word_1_136' title='bbox 184 1695 513 1752; x_wconf 86' lang='lat' dir='ltr'><strong>conservandi</strong></span> <span class='ocrx_word' id='word_1_137' title='bbox 563 1695 717 1749; x_wconf 83' lang='lat' dir='ltr'><strong>nostri</strong></span> <span class='ocrx_word' id='word_1_138' title='bbox 759 1693 1085 1766; x_wconf 79' lang='lat' dir='ltr'><strong>Imperatoris</strong></span> <span class='ocrx_word' id='word_1_139' title='bbox 1124 1695 1186 1748; x_wconf 88' lang='lat' dir='ltr'><strong>ad</strong></span> <span class='ocrx_word' id='word_1_140' title='bbox 1214 1695 1487 1748; x_wconf 76' lang='lat' dir='ltr'><strong>Arcadium</strong></span> <span class='ocrx_word' id='word_1_141' title='bbox 1522 1713 1611 1749; x_wconf 63' lang='lat' dir='ltr'><strong>re·—</strong></span> 
     </span>
     <span class='ocr_line' id='line_1_21' title="bbox 112 1771 1609 1843; baseline -0.001 -16"><span class='ocrx_word' id='word_1_142' title='bbox 112 1790 141 1827; x_wconf 81' lang='lat'><strong>«</strong></span> <span class='ocrx_word' id='word_1_143' title='bbox 187 1773 464 1829; x_wconf 88' lang='lat' dir='ltr'><strong>verendum</strong></span> <span class='ocrx_word' id='word_1_144' title='bbox 505 1771 786 1843; x_wconf 82' lang='lat' dir='ltr'><strong>praesulem</strong></span> <span class='ocrx_word' id='word_1_145' title='bbox 828 1771 1017 1826; x_wconf 87' lang='lat' dir='ltr'><strong>insulae</strong></span> <span class='ocrx_word' id='word_1_146' title='bbox 1058 1771 1212 1843; x_wconf 87' lang='lat' dir='ltr'><strong>Cypri</strong></span> <span class='ocrx_word' id='word_1_147' title='bbox 1254 1782 1428 1826; x_wconf 89' lang='lat' dir='ltr'><strong>contra</strong></span> <span class='ocrx_word' id='word_1_148' title='bbox 1469 1774 1609 1826; x_wconf 84' lang='lat' dir='ltr'><strong>Pau-</strong></span> 
     </span>
     <span class='ocr_line' id='line_1_22' title="bbox 111 1846 1610 1922; baseline -0.001 -18"><span class='ocrx_word' id='word_1_149' title='bbox 111 1866 140 1904; x_wconf 71' lang='lat' dir='ltr'><strong>tt</strong></span> <span class='ocrx_word' id='word_1_150' title='bbox 185 1849 290 1904; x_wconf 84' lang='lat' dir='ltr'><strong>lum</strong></span> <span class='ocrx_word' id='word_1_151' title='bbox 331 1850 552 1922; x_wconf 87' lang='lat' dir='ltr'><strong>priorem</strong></span> <span class='ocrx_word' id='word_1_152' title='bbox 613 1848 822 1918; x_wconf 85' lang='lat' dir='ltr'><strong>maligni</strong></span> <span class='ocrx_word' id='word_1_153' title='bbox 871 1859 1041 1903; x_wconf 89' lang='lat' dir='ltr'><strong>coetus</strong></span> <span class='ocrx_word' id='word_1_154' title='bbox 1104 1846 1466 1920; x_wconf 81' lang='lat' dir='ltr'><strong>acephalorum</strong></span> <span class='ocrx_word' id='word_1_155' title='bbox 1501 1886 1520 1917; x_wconf 83' lang='lat'><strong><em>‚</em></strong></span> <span class='ocrx_word' id='word_1_156' title='bbox 1560 1858 1610 1903; x_wconf 88' lang='lat' dir='ltr'><strong>et</strong></span> 
     </span>
     <span class='ocr_line' id='line_1_23' title="bbox 113 1924 1610 1997; baseline -0.001 -16"><span class='ocrx_word' id='word_1_157' title='bbox 113 1945 143 1981; x_wconf 81' lang='grc'><strong>«</strong></span> <span class='ocrx_word' id='word_1_158' title='bbox 193 1927 441 1984; x_wconf 86' lang='lat' dir='ltr'><strong>invenisse</strong></span> <span class='ocrx_word' id='word_1_159' title='bbox 482 1926 793 1996; x_wconf 82' lang='lat' dir='ltr'><strong>praedictam</strong></span> <span class='ocrx_word' id='word_1_160' title='bbox 834 1926 974 1997; x_wconf 89' lang='lat' dir='ltr'><strong>piam</strong></span> <span class='ocrx_word' id='word_1_161' title='bbox 1006 1925 1286 1996; x_wconf 86' lang='lat' dir='ltr'><strong>jussionem</strong></span> <span class='ocrx_word' id='word_1_162' title='bbox 1326 1924 1610 1997; x_wconf 86' lang='lat' dir='ltr'><strong>prohiben-</strong></span> 
     </span>
     <span class='ocr_line' id='line_1_24' title="bbox 114 2002 1610 2074; baseline 0 -18"><span class='ocrx_word' id='word_1_163' title='bbox 114 2018 148 2056; x_wconf 74' lang='grc' dir='ltr'>α</span> <span class='ocrx_word' id='word_1_164' title='bbox 194 2013 294 2058; x_wconf 88' lang='lat' dir='ltr'><strong>tem</strong></span> <span class='ocrx_word' id='word_1_165' title='bbox 334 2004 458 2058; x_wconf 89' lang='lat' dir='ltr'><strong>duas</strong></span> <span class='ocrx_word' id='word_1_166' title='bbox 498 2003 549 2056; x_wconf 84' lang='lat' dir='ltr'><strong>in</strong></span> <span class='ocrx_word' id='word_1_167' title='bbox 613 2002 812 2056; x_wconf 86' lang='lat' dir='ltr'><strong>Christo</strong></span> <span class='ocrx_word' id='word_1_168' title='bbox 854 2002 966 2056; x_wconf 82' lang='lat' dir='ltr'><strong>Deo</strong></span> <span class='ocrx_word' id='word_1_169' title='bbox 1007 2012 1177 2057; x_wconf 89' lang='lat' dir='ltr'><strong>nostro</strong></span> <span class='ocrx_word' id='word_1_170' title='bbox 1217 2003 1383 2057; x_wconf 84' lang='lat' dir='ltr'><strong>dicere</strong></span> <span class='ocrx_word' id='word_1_171' title='bbox 1423 2019 1610 2074; x_wconf 88' lang='lat' dir='ltr'><strong>opera-</strong></span> 
     </span>
     <span class='ocr_line' id='line_1_25' title="bbox 99 2079 1607 2152; baseline 0 -19"><span class='ocrx_word' id='word_1_172' title='bbox 99 2096 141 2133; x_wconf 64' lang='lat'>«</span> <span class='ocrx_word' id='word_1_173' title='bbox 187 2081 363 2135; x_wconf 83' lang='lat' dir='ltr'><strong>tioneS.</strong></span> <span class='ocrx_word' id='word_1_174' title='bbox 406 2080 746 2151; x_wconf 81' lang='lat' dir='ltr'><strong>Interrogavit</strong></span> <span class='ocrx_word' id='word_1_175' title='bbox 812 2096 902 2133; x_wconf 89' lang='lat' dir='ltr'><strong>nos</strong></span> <span class='ocrx_word' id='word_1_176' title='bbox 941 2096 1033 2150; x_wconf 78' lang='lat' dir='ltr'><strong>per</strong></span> <span class='ocrx_word' id='word_1_177' title='bbox 1092 2079 1351 2134; x_wconf 87' lang='lat' dir='ltr'><strong>notionem</strong></span> <span class='ocrx_word' id='word_1_178' title='bbox 1415 2096 1558 2133; x_wconf 87' lang='lat' dir='ltr'><strong>suam</strong></span> <span class='ocrx_word' id='word_1_179' title='bbox 1588 2116 1607 2152; x_wconf 72' lang='lat'>²</span> 
     </span>
     <span class='ocr_line' id='line_1_26' title="bbox 112 2157 1608 2229; baseline 0 -19"><span class='ocrx_word' id='word_1_180' title='bbox 112 2173 142 2209; x_wconf 70' lang='grc' dir='ltr'><strong>α</strong></span> <span class='ocrx_word' id='word_1_181' title='bbox 187 2168 356 2211; x_wconf 88' lang='lat' dir='ltr'><strong>utrum</strong></span> <span class='ocrx_word' id='word_1_182' title='bbox 396 2167 624 2229; x_wconf 83' lang='lat' dir='ltr'><strong>oporteat</strong></span> <span class='ocrx_word' id='word_1_183' title='bbox 663 2157 785 2211; x_wconf 88' lang='lat' dir='ltr'><strong>duas</strong></span> <span class='ocrx_word' id='word_1_184' title='bbox 826 2157 1116 2226; x_wconf 83' lang='lat' dir='ltr'><strong>praedicare</strong></span> <span class='ocrx_word' id='word_1_185' title='bbox 1155 2158 1493 2227; x_wconf 80' lang='lat' dir='ltr'><strong>operationeS‚</strong></span> <span class='ocrx_word' id='word_1_186' title='bbox 1543 2173 1608 2210; x_wconf 89' lang='lat' dir='ltr'><strong>an</strong></span> 
     </span>
     <span class='ocr_line' id='line_1_27' title="bbox 108 2232 1608 2304; baseline 0 -17"><span class='ocrx_word' id='word_1_187' title='bbox 108 2250 142 2287; x_wconf 65' lang='grc' dir='ltr'><strong><em>α</em></strong></span> <span class='ocrx_word' id='word_1_188' title='bbox 185 2252 340 2288; x_wconf 89' lang='lat' dir='ltr'><strong>unam</strong></span> <span class='ocrx_word' id='word_1_189' title='bbox 372 2235 545 2289; x_wconf 83' lang='lat' dir='ltr'><strong>dicere</strong></span> <span class='ocrx_word' id='word_1_190' title='bbox 587 2235 637 2287; x_wconf 89' lang='lat' dir='ltr'><strong>in</strong></span> <span class='ocrx_word' id='word_1_191' title='bbox 678 2234 901 2288; x_wconf 89' lang='lat' dir='ltr'><strong>Domino</strong></span> <span class='ocrx_word' id='word_1_192' title='bbox 931 2234 1301 2304; x_wconf 85' lang='lat' dir='ltr'><strong>operationem.</strong></span> <span class='ocrx_word' id='word_1_193' title='bbox 1346 2232 1487 2287; x_wconf 89' lang='lat' dir='ltr'><strong>Unde</strong></span> <span class='ocrx_word' id='word_1_194' title='bbox 1516 2250 1608 2287; x_wconf 85' lang='lat' dir='ltr'><strong>nos</strong></span> 
     </span>
     <span class='ocr_line' id='line_1_28' title="bbox 109 2311 1610 2383; baseline -0.002 -17"><span class='ocrx_word' id='word_1_195' title='bbox 109 2327 143 2366; x_wconf 6' lang='lat' dir='ltr'><strong>a«</strong></span> <span class='ocrx_word' id='word_1_196' title='bbox 184 2311 396 2383; x_wconf 87' lang='lat' dir='ltr'><strong>simplici</strong></span> <span class='ocrx_word' id='word_1_197' title='bbox 436 2322 484 2366; x_wconf 87' lang='lat' dir='ltr'><strong>et</strong></span> <span class='ocrx_word' id='word_1_198' title='bbox 522 2311 882 2383; x_wconf 79' lang='lat' dir='ltr'><strong>compendioso</strong></span> <span class='ocrx_word' id='word_1_199' title='bbox 907 2327 1139 2364; x_wconf 80' lang='lat' dir='ltr'><strong>sermone</strong></span> <span class='ocrx_word' id='word_1_200' title='bbox 1170 2311 1378 2377; x_wconf 85' lang='lat' dir='ltr'><strong>utimur,</strong></span> <span class='ocrx_word' id='word_1_201' title='bbox 1407 2319 1455 2364; x_wconf 82' lang='lat' dir='ltr'><strong>et</strong></span> <span class='ocrx_word' id='word_1_202' title='bbox 1481 2326 1610 2380; x_wconf 85' lang='lat' dir='ltr'><strong>quae</strong></span> 
     </span>
     <span class='ocr_line' id='line_1_29' title="bbox 113 2386 1610 2458; baseline -0.001 -16"><span class='ocrx_word' id='word_1_203' title='bbox 113 2405 143 2442; x_wconf 80' lang='grc'><strong>«</strong></span> <span class='ocrx_word' id='word_1_204' title='bbox 188 2399 384 2443; x_wconf 88' lang='lat' dir='ltr'><strong>nostrae</strong></span> <span class='ocrx_word' id='word_1_205' title='bbox 444 2399 559 2443; x_wconf 89' lang='lat' dir='ltr'><strong>sunt</strong></span> <span class='ocrx_word' id='word_1_206' title='bbox 623 2387 858 2443; x_wconf 87' lang='lat' dir='ltr'><strong>scientiae</strong></span> <span class='ocrx_word' id='word_1_207' title='bbox 919 2386 1259 2458; x_wconf 78' lang='lat' dir='ltr'><strong>perhibemus,</strong></span> <span class='ocrx_word' id='word_1_208' title='bbox 1329 2386 1610 2440; x_wconf 85' lang='lat' dir='ltr'><strong>Asserimus</strong></span> 
     </span>
     <span class='ocr_line' id='line_1_30' title="bbox 89 2464 1609 2538; baseline -0.001 -21"><span class='ocrx_word' id='word_1_209' title='bbox 89 2481 147 2518; x_wconf 64' lang='grc' dir='ltr'><strong>«ω</strong></span> <span class='ocrx_word' id='word_1_210' title='bbox 187 2464 340 2535; x_wconf 85' lang='lat' dir='ltr'><strong>igitur</strong></span> <span class='ocrx_word' id='word_1_211' title='bbox 368 2502 385 2531; x_wconf 90' lang='lat'><strong>‚</strong></span> <span class='ocrx_word' id='word_1_212' title='bbox 425 2466 559 2538; x_wconf 81' lang='lat' dir='ltr'><strong>quod</strong></span> <span class='ocrx_word' id='word_1_213' title='bbox 594 2465 643 2518; x_wconf 92' lang='lat' dir='ltr'><strong>in</strong></span> <span class='ocrx_word' id='word_1_214' title='bbox 685 2464 867 2519; x_wconf 80' lang='lat' dir='ltr'><strong>sanctis</strong></span> <span class='ocrx_word' id='word_1_215' title='bbox 919 2464 1123 2533; x_wconf 88' lang='lat' dir='ltr'><strong>quidem</strong></span> <span class='ocrx_word' id='word_1_216' title='bbox 1166 2464 1360 2533; x_wconf 81' lang='lat' dir='ltr'><strong>magnis</strong></span> <span class='ocrx_word' id='word_1_217' title='bbox 1398 2473 1447 2518; x_wconf 83' lang='lat' dir='ltr'><strong>et</strong></span> <span class='ocrx_word' id='word_1_218' title='bbox 1490 2464 1609 2516; x_wconf 89' lang='lat' dir='ltr'><strong>uni·-</strong></span> 
     </span>
     <span class='ocr_line' id='line_1_31' title="bbox 92 2539 1607 2608; baseline -0.001 -14"><span class='ocrx_word' id='word_1_219' title='bbox 92 2557 141 2594; x_wconf 79' lang='grc'><strong>·«</strong></span> <span class='ocrx_word' id='word_1_220' title='bbox 187 2542 458 2596; x_wconf 75' lang='lat' dir='ltr'><strong>versalibus</strong></span> <span class='ocrx_word' id='word_1_221' title='bbox 496 2542 723 2598; x_wconf 86' lang='lat' dir='ltr'><strong>conciliis</strong></span> <span class='ocrx_word' id='word_1_222' title='bbox 763 2539 898 2595; x_wconf 83' lang='lat' dir='ltr'><strong>nulla</strong></span> <span class='ocrx_word' id='word_1_223' title='bbox 940 2541 1001 2593; x_wconf 83' lang='lat' dir='ltr'><strong>de</strong></span> <span class='ocrx_word' id='word_1_224' title='bbox 1030 2539 1128 2593; x_wconf 89' lang='lat' dir='ltr'><strong>hoc</strong></span> <span class='ocrx_word' id='word_1_225' title='bbox 1159 2542 1316 2595; x_wconf 89' lang='lat' dir='ltr'><strong>motio</strong></span> <span class='ocrx_word' id='word_1_226' title='bbox 1363 2540 1488 2595; x_wconf 81' lang='lat' dir='ltr'><strong>facta</strong></span> <span class='ocrx_word' id='word_1_227' title='bbox 1509 2551 1607 2608; x_wconf 86' lang='lat' dir='ltr'><strong>est,</strong></span> 
     </span>
     <span class='ocr_line' id='line_1_32' title="bbox 86 2617 1607 2689; baseline -0.001 -18"><span class='ocrx_word' id='word_1_228' title='bbox 86 2634 143 2672; x_wconf 79' lang='lat'><strong>·«</strong></span> <span class='ocrx_word' id='word_1_229' title='bbox 187 2634 278 2672; x_wconf 81' lang='lat' dir='ltr'><strong>nec</strong></span> <span class='ocrx_word' id='word_1_230' title='bbox 319 2619 547 2674; x_wconf 85' lang='lat' dir='ltr'><strong>invenire</strong></span> <span class='ocrx_word' id='word_1_231' title='bbox 586 2629 659 2674; x_wconf 87' lang='lat' dir='ltr'><strong>est</strong></span> <span class='ocrx_word' id='word_1_232' title='bbox 698 2620 759 2672; x_wconf 88' lang='lat' dir='ltr'><strong>de</strong></span> <span class='ocrx_word' id='word_1_233' title='bbox 819 2617 1107 2687; x_wconf 81' lang='lat' dir='ltr'><strong>hujusmodi</strong></span> <span class='ocrx_word' id='word_1_234' title='bbox 1153 2618 1445 2689; x_wconf 87' lang='lat' dir='ltr'><strong>quaestione</strong></span> <span class='ocrx_word' id='word_1_235' title='bbox 1505 2617 1607 2671; x_wconf 82' lang='lat' dir='ltr'><strong>dis—-</strong></span> 
     </span>
     <span class='ocr_line' id='line_1_33' title="bbox 87 2693 1606 2768; baseline 0 -20"><span class='ocrx_word' id='word_1_236' title='bbox 87 2711 143 2748; x_wconf 77' lang='lat'><strong>·«</strong></span> <span class='ocrx_word' id='word_1_237' title='bbox 185 2693 465 2752; x_wconf 79' lang='lat' dir='ltr'><strong>linitionem</strong></span> <span class='ocrx_word' id='word_1_238' title='bbox 523 2696 802 2768; x_wconf 77' lang='lat' dir='ltr'><strong>quamlibet</strong></span> <span class='ocrx_word' id='word_1_239' title='bbox 831 2711 948 2748; x_wconf 82' lang='lat' dir='ltr'><strong>esse.</strong></span> <span class='ocrx_word' id='word_1_240' title='bbox 997 2695 1246 2766; x_wconf 82' lang='lat' dir='ltr'><strong>prolatam</strong></span> <span class='ocrx_word' id='word_1_241' title='bbox 1287 2714 1315 2750; x_wconf 81' lang='lat' dir='ltr'><strong>a</strong></span> <span class='ocrx_word' id='word_1_242' title='bbox 1381 2695 1606 2767; x_wconf 83' lang='lat' dir='ltr'><strong>quodam</strong></span> 
     </span>
     <span class='ocr_line' id='line_1_34' title="bbox 117 2770 981 2829; baseline -0.001 -5"><span class='ocrx_word' id='word_1_243' title='bbox 117 2786 145 2824; x_wconf 74' lang='lat' dir='ltr'><strong>«t</strong></span> <span class='ocrx_word' id='word_1_244' title='bbox 190 2770 590 2829; x_wconf 77' lang='lat' dir='ltr'><strong>orthodoxorum</strong></span> <span class='ocrx_word' id='word_1_245' title='bbox 631 2770 981 2828; x_wconf 80' lang='lat' dir='ltr'><strong>conciliorum.</strong></span> 
     </span>
    </p>
   </div>
  </div>
 </body>
</html>
