1780 3038
789 146 1127 201 ——168—

504 292 559 346 S.
603 293 706 346 Leo

215 439 303 471 xum
337 433 374 469 et
405 424 596 482 sepultum
631 435 765 466 omnes
796 424 915 466 etiam

214 487 253 529 in
285 485 464 543 symbolo
497 484 745 529 confitemur,
770 494 917 524 secun-

212 545 302 586 dum
345 542 438 585 illud
479 541 673 599 Apostoli:
727 539 766 580 si
815 543 916 582 enim

211 601 505 657 cognovissent,
542 612 748 655 numquam
781 595 918 641 Domi-

212 672 302 702 num
330 658 543 702 maiestatis
574 657 872 702 crucifixissent.

266 890 387 937 Num.
403 891 445 935 5.
462 890 603 938 Omnia
621 893 913 941 recentissimae

211 952 403 1009 passionis
432 951 542 1007 signa
574 953 830 1004 monstrabat,
855 955 915 998 di-

209 1024 318 1053 cens:
339 1008 475 1052 Videte
513 1023 646 1052 manus
681 1026 788 1056 ineas
830 1022 910 1057 ete.

207 1076 252 1111 ut
282 1075 557 1124 agnosceretur
577 1068 613 1110 in
632 1081 678 1110 eo
696 1072 912 1127 proprietas

207 1126 366 1169 divinae
383 1126 648 1182 humanaeque
661 1137 820 1173 naturae
854 1130 912 1174 in-

208 1184 366 1228 dividua
397 1198 642 1242 permanere,
675 1195 717 1228 et
753 1189 805 1231 ita
825 1190 914 1232 sei—

209 1256 337 1287 remus
382 1242 551 1286 Verbum
595 1256 670 1286 nen
713 1244 787 1288 hoc
827 1261 912 1291 esse

209 1301 313 1358 quod
345 1315 518 1347 carnem.
543 1308 585 1343 ut
618 1316 732 1346 unum
761 1303 833 1348 Dei
867 1309 914 1349 fi-

207 1358 300 1410 lium
350 1368 391 1403 et
431 1358 598 1403 Verbum
638 1363 911 1409 confiteremur

207 1425 250 1461 et
279 1432 451 1462 carnem.

1267 293 1523 349 Honor-lus

1000 425 1099 474 tuit,
1149 438 1222 468 nee
1271 428 1472 483 passiones
1518 426 1707 475 humanas

999 483 1182 541 experiri,
1217 484 1282 527 vel
1317 486 1486 543 p'erpeti;
1521 486 1590 529 sed
1616 503 1708 544 pro-

1002 549 1087 598 pter
1119 542 1362 586 ineffabilem
1384 545 1708 590 coniunctionem

1002 600 1196 643 humanae
1227 601 1469 659 divinaeque
1506 611 1668 648 naturae
1693 639 1704 655 .

1004 658 1149 701 idcirco
1183 659 1389 715 utrobique
1421 669 1462 703 et
1499 658 1604 704 Deus
1635 662 1708 705 di·-

999 717 1099 759 citur
1144 718 1259 775 pati,
1310 726 1350 760 et
1391 717 1608 763 humanitas
1658 735 1710 765 ex

998 775 1108 818 coelo
1141 790 1228 819 cum
1270 775 1481 820 divinitate
1528 777 1708 823 deseen-

999 834 1116 877 disse.

1054 891 1178 937 Num.
1210 893 1254 936 2.
1295 892 1446 936 Veritas
1488 893 1525 937 in
1566 892 1709 938 Evan-

997 951 1101 1007 gelio
1132 953 1184 994 ita
1216 951 1359 1008 inquit;
1397 950 1538 996 Nullus
1559 966 1710 997 ascen-

998 1011 1054 1052 dit
1085 1010 1123 1053 in
1154 1011 1412 1059 coelum‚nisi
1438 1011 1505 1067 qui
1531 1010 1581 1054 de
1594 1012 1709 1056 coelo

997 1068 1396 1126 deseendit‚prosecto
1412 1083 1482 1111 nos
1495 1069 1706 1121 instruens.

999 1127 1101 1183 quod
1145 1127 1343 1170 divinitati
1390 1127 1496 1170 nnita
1527 1134 1590 1170 est
1618 1142 1710 1173 earo

997 1186 1190 1243 passibilis
1205 1184 1476 1236 ineffabiliter,
1488 1193 1606 1243 atque
1618 1187 1711 1230 sin-

997 1245 1197 1301 gulariter,
1234 1253 1274 1287 ut
1307 1243 1476 1287 discrete
1505 1253 1622 1301 atque
1641 1246 1712 1290 in-
1771 1286 1774 1288 .

996 1303 1172 1353 confuse,
1220 1303 1277 1346 sie
1309 1302 1711 1348 indivisevideretur

998 1361 1200 1419 coniungi.
1235 1360 1286 1405 Ut
1315 1361 1494 1404 nimirum
1514 1361 1708 1420 stupenda

1003 1429 1133 1464 mente
1177 1419 1407 1463 mirabiliter
1458 1420 1708 1464 manentibus

1004 1488 1253 1535 utrarumque
1276 1486 1498 1521 naturarum
1522 1478 1710 1522 differen-

997 1539 1059 1581 tiis
1091 1547 1351 1594 cognoscatur
1382 1537 1509 1579 uniri.

1073 1595 1195 1642 Num.
1230 1595 1271 1639 8.
1320 1592 1424 1638 Deus
1474 1602 1512 1638 te
1559 1593 1711 1639 ineolu-

991 1655 1128 1698 lumem
1183 1653 1378 1697 custodiat
1429 1653 1683 1698 dilectissime

985 1723 1103 1773 atque
1132 1713 1381 1758 sanctissime
1411 1712 1544 1757 frater.

267 1591 391 1639 Nam.
425 1593 467 1636 6.
493 1591 654 1637 Deuste
673 1594 903 1643 ineolumem

209 1650 403 1697 mstodiat
432 1653 550 1696 frater
571 1652 811 1700 charissime.

207 1830 289 1886 Ex
349 1829 426 1885 liis
489 1850 611 1887 vero
672 1833 993 1908 intelligimus
1056 1833 1342 1889 Honorium
1380 1848 1445 1885 ex
1493 1830 1711 1904 epistolis

208 1909 375 1962 Sancti
418 1909 599 1962 Leonis
639 1910 854 1981 plurima
894 1913 1180 1984 excripsisse
1205 1947 1222 1977 ‚
1283 1909 1499 1981 plurima
1547 1909 1709 1963 ‘etiam

210 1985 355 2038 fuisse
395 1984 663 2054 imitatum3
690 1988 754 2042 ita
783 2001 836 2043 ut
875 1992 1101 2044 dubitare
1129 2001 1434 2058 nequeamus
1465 1986 1584 2056 quin
1610 1983 1711 2038 hu·-

211 2062 286 2115 ius
325 2061 473 2114 fidem
515 2063 712 2117 tradere
753 2066 990 2135 voluerit3
1033 2083 1134 2120 non
1174 2065 1311 2118 enim
1338 2062 1572 2133 excripsit
1589 2062 1711 2115 sen-

210 2138 387 2191 tentias
416 2177 433 2209 ,
496 2154 626 2207 quae
666 2141 725 2194 ad
765 2143 1001 2213 dogmata
1040 2139 1365 2196 ecclesiastiea
1406 2155 1507 2191 non
1549 2138 1710 2209 perti-

210 2224 410 2281 nerent,
449 2215 533 2267 sed
572 2232 656 2269 eas
695 2234 896 2287 prorsus
937 2220 1188 2286 veritam,
1229 2233 1357 2287 quae
1397 2224 1591 2287 partem
1611 2213 1709 2268 do-

209 2291 483 2361 gmaticam
522 2292 760 2362 epistolae
784 2297 1105 2350 constituunt.
1150 2294 1259 2358 Qua
1318 2292 1379 2345 de
1417 2308 1563 2345 causa
1602 2297 1707 2343 tam

209 2385 330 2422 vere
369 2367 430 2422 de
470 2367 858 2426 Monotlielismo
899 2373 1118 2426 accusari
1159 2377 1337 2441 potest,
1396 2384 1546 2440 quam
1587 2383 1707 2421 vere

208 2444 273 2497 de
312 2443 553 2500 eiusmodi
595 2445 752 2519 impio
780 2449 1015 2521 dogmate
1049 2451 1151 2522 ipse
1177 2447 1282 2502 Leo
1310 2444 1524 2517 Magnus
1553 2459 1710 2498 aceu-

206 2530 417 2574 saretur.
