1780 3038
84 234 202 278 care
245 214 532 270 inculcaret.
575 214 833 270 Concludo
879 209 1052 286 igitur,
1093 214 1377 270 Honorium
1432 230 1494 266 ex
1521 213 1603 268 bi.-

85 295 162 348 nis
200 292 334 346 hisee
374 292 434 346 ad
473 292 707 362 Sergium
747 293 969 363 epistolis
1009 293 1219 345 minime
1268 286 1600 357 haereticum,

82 370 168 423 sed
211 370 375 424 virum
435 368 582 439 plane
623 367 927 423 catholicum
969 368 1256 423 habendum
1296 384 1425 432 esse,
1482 382 1600 419 cum

84 446 310 499 doctrina
350 445 413 498 ab
455 445 561 516 ipso
601 444 827 515 exposita
867 445 1045 500 eadem
1085 446 1147 499 sit
1205 461 1321 498 cum
1375 442 1602 496 doctrina

83 521 359 586 Ecclesiae,
401 539 552 592 quam
591 531 641 575 et
679 522 869 594 antiqui
911 524 1089 576 Patres
1120 521 1297 592 nostri,
1321 530 1370 573 et
1392 536 1483 574 nos
1510 518 1601 591 ipsi

81 599 411 673 profitemur,

159 840 284 894 Dixi
324 839 554 911 superius
591 837 878 893 Honorium
918 838 1153 911 loquendi
1195 836 1441 891 rationem
1482 853 1601 890 mu-

86 927 287 972 tuatum
328 933 433 970 esse
473 933 534 969 ex
574 915 781 985 epistola
822 915 875 968 S.
919 916 1104 971 Leo-nis
1142 914 1316 986 Magni
1377 914 1437 968 ad
1477 912 1605 967 Fla-

87 994 329 1062 vianum,
388 1008 602 1061 eamque
641 1009 762 1062 prae
802 991 957 1047 oculis
995 992 1224 1046 habuisse
1263 991 1383 1044 dum
1425 990 1604 1060 Sergio

87 1069 440 1141 responderet.
486 1067 552 1120 Ut
596 1068 931 1139 unusquisque
972 1070 1139 1125 videat
1196 1085 1347 1138 quam
1388 1084 1506 1121 vere
1556 1067 1604 1120 id

86 1146 404 1213 asseruerim,
445 1144 701 1214 utriusque
741 1147 1099 1200 sententiarum
1139 1144 1460 1199 collationem
1520 1143 1605 1195 in-

85 1223 255 1277 stituo.

314 1373 368 1428 S.
409 1373 535 1427 Leo.
843 1388 856 1485 Ι
1144 1372 1402 1428 Honorius

144 1523 272 1571 Num.
326 1524 372 1568 1.
410 1521 540 1567 Lectis
585 1520 807 1568 dilectionis

944 1522 1071 1570 Num.
1109 1523 1150 1568 1.
1175 1524 1326 1583 Scripta
1351 1522 1609 1567 fraternitatis

87 1592 178 1628 tuae
229 1582 376 1628 litteris
414 1616 424 1632 ‚
479 1594 575 1639 quas
626 1582 804 1626 miramur

888 1592 1048 1627 vestrae
1080 1585 1346 1642 suscepimus,
1382 1597 1450 1640 per
1497 1596 1600 1638 quae

88 1644 205 1687 l'uisse
238 1651 314 1686 tam
352 1655 461 1684 seras
482 1675 491 1690 ,
527 1648 567 1682 et
609 1651 804 1696 gestorum

88 1700 376 1760 episcopalium
412 1697 552 1742 ordine
584 1701 779 1744 recensito
800 1735 809 1752 ,

88 1761 246 1804 tandem
301 1757 397 1816 quid
433 1756 536 1813 apud
593 1770 666 1801 vos
701 1772 813 1802 scan-

91 1819 169 1863 dali
204 1825 341 1861 contra
393 1815 670 1872 integritatem
721 1818 811 1862 fidei

92 1886 278 1922 exortum>
299 1875 447 1922 luisset.
497 1875 749 1930 agnovimus;
774 1886 812 1920 et

92 1951 198 1993 quae
231 1934 337 1994 prius
355 1932 596 1976 videbantur
638 1936 808 1988 occulta,

92 2009 200 2038 nunc
223 1993 338 2037 nobis
363 1999 533 2035 reserata
582 1998 806 2047 patuerunt.

149 2051 272 2098 Num.
300 2055 337 2095 1.
358 2050 403 2093 ln
421 2050 520 2092 banc
542 2049 809 2106 insipientiam

92 2111 262 2161 cadunt,
296 2111 361 2167 qui
412 2123 504 2151 cum
565 2108 613 2151 ad
660 2123 807 2166 cogno-

91 2170 276 2215 scendam
291 2168 503 2212 veritatem
522 2166 657 2224 aliquo
682 2168 809 2227 impe-

93 2229 248 2272 diuntur
293 2240 447 2276 errore,
483 2240 567 2268 non
609 2225 658 2268 ad
705 2243 810 2285 pro..

92 2287 270 2346 pheticas
311 2299 452 2334 voces,
491 2298 575 2327 non
616 2287 667 2327 ad
701 2302 809 2344 apo-

94 2346 251 2390 stolicas
284 2343 452 2391 litteras,
488 2356 562 2386 nec
604 2342 653 2386 ad
687 2360 807 2389 evan-

96 2405 241 2461 gelicas
289 2403 578 2452 auctoritates,

97 2462 328 2520 semctipsos
363 2468 586 2505 recurrunt.

637 2404 709 2448 scd
757 2406 807 2450 ad

892 1644 1168 1686 contentiones
1198 1642 1403 1699 quasdam,
1424 1649 1463 1684 et
1481 1654 1605 1684 novas

893 1716 1031 1744 vocum
1066 1702 1314 1758 quaestiones
1346 1699 1605 1754 cognovimus

894 1760 1136 1803 introductas
1160 1794 1189 1804 ..
1212 1773 1370 1817 qiiarnm
1391 1758 1606 1801 litterarum

892 1819 1152 1877 suscipientes
1183 1817 1435 1875 exemplar...
1470 1815 1608 1860 lauda-

894 1892 977 1920 mus
1009 1880 1224 1921 novitatem
1255 1875 1438 1920 vocabuli
1484 1874 1614 1916 aufe-

891 1945 1055 1986 rentem,
1091 1936 1193 1993 quod
1218 1943 1347 1994 posset
1367 1932 1602 1977 scandalum

890 1995 1136 2052 simplicibus
1170 2008 1372 2053 generare.

947 2053 1068 2099 Num.
1108 2053 1146 2098 1.
1198 2053 1278 2097 nos
1310 2051 1410 2094 enim
1445 2050 1482 2094 in
1516 2064 1594 2107 quo

890 2114 1135 2169 percepimus
1177 2118 1334 2170 oportet
1373 2109 1591 2152 ambulare.

892 2170 1002 2215 Enim
1020 2186 1129 2223 vero,
1152 2171 1250 2214 duce
1265 2168 1364 2218 Deo.
1384 2169 1595 2225 pervenie-

895 2245 978 2273 mus
1011 2230 1196 2287 usquead
1222 2242 1436 2272 mensuram
1460 2235 1594 2270 rectae

891 2288 1000 2339 fidei,
1036 2304 1149 2346 quam
1192 2286 1370 2345 Apostoli
1415 2284 1591 2328 veritatis

888 2350 1163 2404 scripturarum
1176 2350 1401 2392 Sanctarum
1415 2343 1585 2386 liiniculo

887 2408 1158 2450 extenderunt.
1209 2404 1269 2449 Et
1308 2418 1416 2446 nuru.
1451 2402 1492 2444 5.
1527 2399 1597 2447 Ne

888 2479 999 2508 uriam
1034 2468 1095 2509 vel
1130 2465 1224 2507 duas
1256 2461 1590 2517 energiasaliquis

886 2533 1105 2580 praesumat
1136 2522 1275 2567 Christi
1310 2519 1381 2563 Dei
1425 2518 1599 2577 praedi-

886 2594 991 2631 care,
1026 2597 1121 2639 quas
1152 2595 1277 2637 neque
1319 2577 1595 2634 evangelicae,

887 2640 947 2683 vel
979 2642 1214 2697 apostolicae
1248 2640 1429 2687 litterae,
1465 2650 1598 2692 neque

885 2698 1096 2757 Synodalis
1125 2698 1358 2742 examinatio
1382 2710 1498 2753 super
1531 2695 1598 2738 liis

885 2757 1014 2801 habita
1046 2760 1152 2801 visae
1186 2765 1275 2800 suut
1322 2756 1551 2798 terminasse
1578 2770 1589 2803 ;

883 2816 954 2859 nisi
987 2817 1214 2867 l'ortassis,..
1261 2814 1417 2872 quidam
1450 2813 1588 2871 aliqua

888 2874 1143 2922 balbutiendo
1176 2874 1410 2920 docuerunt.
