<?xml version="1.0" encoding="UTF-8"?>
<!DOCTYPE html PUBLIC "-//W3C//DTD XHTML 1.0 Transitional//EN"
    "http://www.w3.org/TR/xhtml1/DTD/xhtml1-transitional.dtd">
<html xmlns="http://www.w3.org/1999/xhtml" xml:lang="en" lang="en">
 <head>
  <title>
</title>
<meta http-equiv="Content-Type" content="text/html;charset=utf-8" />
  <meta name='ocr-system' content='tesseract 3.04.00' />
  <meta name='ocr-capabilities' content='ocr_page ocr_carea ocr_par ocr_line ocrx_word'/>
</head>
<body>
  <div class='ocr_page' id='page_1' title='image "a603242300pennuoft_0057.png"; bbox 0 0 1780 3038; ppageno 0'>
   <div class='ocr_carea' id='block_1_1' title="bbox 122 117 1644 1497">
    <p class='ocr_par' dir='ltr' id='par_1_1' title="bbox 126 117 1639 478">
     <span class='ocr_line' id='line_1_1' title="bbox 732 117 1033 170; baseline 0.007 -15"><span class='ocrx_word' id='word_1_1' title='bbox 732 147 807 155; x_wconf 80' lang='grc'>-..</span> <span class='ocrx_word' id='word_1_2' title='bbox 847 117 918 170; x_wconf 83' lang='lat'>53</span> <span class='ocrx_word' id='word_1_3' title='bbox 958 148 1033 157; x_wconf 82' lang='grc'>-.</span> 
     </span>
     <span class='ocr_line' id='line_1_2' title="bbox 126 192 1634 267; baseline -0.003 -17"><span class='ocrx_word' id='word_1_4' title='bbox 126 193 292 267; x_wconf 72' lang='lat' dir='ltr'>posuit</span> <span class='ocrx_word' id='word_1_5' title='bbox 321 229 339 261; x_wconf 82' lang='grc'>,</span> <span class='ocrx_word' id='word_1_6' title='bbox 383 193 656 251; x_wconf 74' lang='lat' dir='ltr'>intentione</span> <span class='ocrx_word' id='word_1_7' title='bbox 721 192 958 254; x_wconf 82' lang='lat' dir='ltr'>dirimere</span> <span class='ocrx_word' id='word_1_8' title='bbox 1012 193 1224 248; x_wconf 87' lang='lat' dir='ltr'>velimus</span> <span class='ocrx_word' id='word_1_9' title='bbox 1254 229 1270 259; x_wconf 87' lang='lat'>‚</span> <span class='ocrx_word' id='word_1_10' title='bbox 1313 204 1367 260; x_wconf 80' lang='lat' dir='ltr'>ut</span> <span class='ocrx_word' id='word_1_11' title='bbox 1404 211 1509 249; x_wconf 87' lang='lat' dir='ltr'>esse</span> <span class='ocrx_word' id='word_1_12' title='bbox 1550 195 1634 248; x_wconf 86' lang='lat' dir='ltr'>di-</span> 
     </span>
     <span class='ocr_line' id='line_1_3' title="bbox 126 270 1635 342; baseline 0.001 -17"><span class='ocrx_word' id='word_1_13' title='bbox 126 271 413 325; x_wconf 80' lang='lat' dir='ltr'>rimendam</span> <span class='ocrx_word' id='word_1_14' title='bbox 452 287 654 335; x_wconf 81' lang='lat' dir='ltr'>censeo,</span> <span class='ocrx_word' id='word_1_15' title='bbox 699 280 834 321; x_wconf 86' lang='lat' dir='ltr'>certo</span> <span class='ocrx_word' id='word_1_16' title='bbox 875 270 1058 323; x_wconf 85' lang='lat' dir='ltr'>certius</span> <span class='ocrx_word' id='word_1_17' title='bbox 1099 270 1304 338; x_wconf 78' lang='lat' dir='ltr'>Sergius</span> <span class='ocrx_word' id='word_1_18' title='bbox 1330 280 1635 342; x_wconf 78' lang='lat' dir='ltr'>porrectum</span> 
     </span>
     <span class='ocr_line' id='line_1_4' title="bbox 127 343 1639 422; baseline -0.001 -20"><span class='ocrx_word' id='word_1_19' title='bbox 127 347 346 418; x_wconf 83' lang='lat' dir='ltr'>scripsit,</span> <span class='ocrx_word' id='word_1_20' title='bbox 388 358 436 400; x_wconf 92' lang='lat' dir='ltr'>et</span> <span class='ocrx_word' id='word_1_21' title='bbox 478 363 578 400; x_wconf 90' lang='lat' dir='ltr'>non</span> <span class='ocrx_word' id='word_1_22' title='bbox 621 343 1115 422; x_wconf 77' lang='lat' dir='ltr'>commonefitctum.</span> <span class='ocrx_word' id='word_1_23' title='bbox 1162 346 1260 400; x_wconf 89' lang='lat' dir='ltr'>Sed</span> <span class='ocrx_word' id='word_1_24' title='bbox 1300 346 1362 401; x_wconf 91' lang='lat' dir='ltr'>de</span> <span class='ocrx_word' id='word_1_25' title='bbox 1402 346 1498 401; x_wconf 88' lang='lat' dir='ltr'>hac</span> <span class='ocrx_word' id='word_1_26' title='bbox 1536 347 1639 401; x_wconf 85' lang='lat' dir='ltr'>dis—</span> 
     </span>
     <span class='ocr_line' id='line_1_5' title="bbox 130 423 525 478; baseline -0.008 0"><span class='ocrx_word' id='word_1_27' title='bbox 130 424 353 478; x_wconf 80' lang='lat' dir='ltr'>sicultate</span> <span class='ocrx_word' id='word_1_28' title='bbox 392 423 525 477; x_wconf 77' lang='lat' dir='ltr'>satis·</span> 
     </span>
    </p>

    <p class='ocr_par' dir='ltr' id='par_1_2' title="bbox 122 499 1644 1497">
     <span class='ocr_line' id='line_1_6' title="bbox 203 499 1637 571; baseline 0 -16"><span class='ocrx_word' id='word_1_29' title='bbox 203 499 340 555; x_wconf 86' lang='lat' dir='ltr'>Nihil</span> <span class='ocrx_word' id='word_1_30' title='bbox 407 501 593 571; x_wconf 80' lang='lat' dir='ltr'>pariter</span> <span class='ocrx_word' id='word_1_31' title='bbox 657 501 845 556; x_wconf 71' lang='lat' dir='ltr'>evincit</span> <span class='ocrx_word' id='word_1_32' title='bbox 916 499 1129 556; x_wconf 88' lang='lat' dir='ltr'>alterum</span> <span class='ocrx_word' id='word_1_33' title='bbox 1195 510 1554 570; x_wconf 73' lang='lat' dir='ltr'><strong>argumentum</strong></span> <span class='ocrx_word' id='word_1_34' title='bbox 1608 518 1637 555; x_wconf 88' lang='lat' dir='ltr'>a</span> 
     </span>
     <span class='ocr_line' id='line_1_7' title="bbox 125 575 1639 651; baseline 0.001 -21"><span class='ocrx_word' id='word_1_35' title='bbox 125 577 295 642; x_wconf 76' lang='lat' dir='ltr'>Reriio</span> <span class='ocrx_word' id='word_1_36' title='bbox 335 577 585 648; x_wconf 81' lang='lat' dir='ltr'><strong>Episcopo</strong></span> <span class='ocrx_word' id='word_1_37' title='bbox 653 575 970 651; x_wconf 85' lang='lat' dir='ltr'>desumptum</span> <span class='ocrx_word' id='word_1_38' title='bbox 1011 594 1073 631; x_wconf 85' lang='lat' dir='ltr'>ex</span> <span class='ocrx_word' id='word_1_39' title='bbox 1114 577 1364 648; x_wconf 78' lang='lat' dir='ltr'>Apologia</span> <span class='ocrx_word' id='word_1_40' title='bbox 1431 577 1639 632; x_wconf 89' lang='lat' dir='ltr'>Ioannis</span> 
     </span>
     <span class='ocr_line' id='line_1_8' title="bbox 124 653 1643 725; baseline -0.001 -15"><span class='ocrx_word' id='word_1_41' title='bbox 124 654 217 710; x_wconf 66' lang='lat' dir='ltr'>lv,</span> <span class='ocrx_word' id='word_1_42' title='bbox 265 670 355 725; x_wconf 89' lang='lat' dir='ltr'>pro</span> <span class='ocrx_word' id='word_1_43' title='bbox 395 653 644 725; x_wconf 77' lang='lat' dir='ltr'>Honorio,</span> <span class='ocrx_word' id='word_1_44' title='bbox 690 654 949 725; x_wconf 83' lang='lat' dir='ltr'>Siquidem</span> <span class='ocrx_word' id='word_1_45' title='bbox 973 672 1075 709; x_wconf 90' lang='lat' dir='ltr'>non</span> <span class='ocrx_word' id='word_1_46' title='bbox 1106 655 1221 708; x_wconf 85' lang='lat' dir='ltr'>dicit</span> <span class='ocrx_word' id='word_1_47' title='bbox 1253 653 1491 722; x_wconf 85' lang='lat' dir='ltr'>Ioannes,</span> <span class='ocrx_word' id='word_1_48' title='bbox 1526 656 1643 708; x_wconf 84' lang='lat' dir='ltr'>Ser-</span> 
     </span>
     <span class='ocr_line' id='line_1_9' title="bbox 124 727 1644 805; baseline 0.002 -22"><span class='ocrx_word' id='word_1_49' title='bbox 124 731 271 802; x_wconf 78' lang='lat' dir='ltr'>gium</span> <span class='ocrx_word' id='word_1_50' title='bbox 312 731 566 799; x_wconf 76' lang='lat' dir='ltr'>scripsisse</span> <span class='ocrx_word' id='word_1_51' title='bbox 606 730 667 783; x_wconf 85' lang='lat' dir='ltr'>ad</span> <span class='ocrx_word' id='word_1_52' title='bbox 707 732 997 786; x_wconf 87' lang='lat' dir='ltr'>Honorium</span> <span class='ocrx_word' id='word_1_53' title='bbox 1065 731 1412 785; x_wconf 86' lang='lat' dir='ltr'>tantummodo</span> <span class='ocrx_word' id='word_1_54' title='bbox 1445 768 1460 797; x_wconf 90' lang='lat'>,</span> <span class='ocrx_word' id='word_1_55' title='bbox 1502 727 1644 805; x_wconf 84' lang='lat' dir='ltr'>quod</span> 
     </span>
     <span class='ocr_line' id='line_1_10' title="bbox 129 803 1641 881; baseline 0.002 -21"><span class='ocrx_word' id='word_1_56' title='bbox 129 803 347 878; x_wconf 79' lang='lat' dir='ltr'>quidam</span> <span class='ocrx_word' id='word_1_57' title='bbox 388 804 623 862; x_wconf 78' lang='lat' dir='ltr'>dicerent</span> <span class='ocrx_word' id='word_1_58' title='bbox 663 804 722 861; x_wconf 79' lang='lat' dir='ltr'>in</span> <span class='ocrx_word' id='word_1_59' title='bbox 763 805 1108 881; x_wconf 74' lang='lat' dir='ltr'>Redemptore</span> <span class='ocrx_word' id='word_1_60' title='bbox 1147 805 1344 862; x_wconf 80' lang='lat' dir='ltr'>Nostro</span> <span class='ocrx_word' id='word_1_61' title='bbox 1402 805 1641 863; x_wconf 80' lang='lat' dir='ltr'>Domino</span> 
     </span>
     <span class='ocr_line' id='line_1_11' title="bbox 126 880 1642 956; baseline 0 -18"><span class='ocrx_word' id='word_1_62' title='bbox 126 880 247 956; x_wconf 57' lang='lat' dir='ltr'>lest}</span> <span class='ocrx_word' id='word_1_63' title='bbox 289 881 500 939; x_wconf 77' lang='lat' dir='ltr'>Christo</span> <span class='ocrx_word' id='word_1_64' title='bbox 539 880 675 937; x_wconf 78' lang='lat' dir='ltr'>duas</span> <span class='ocrx_word' id='word_1_65' title='bbox 710 883 1015 946; x_wconf 72' lang='lat' dir='ltr'>contrarias</span> <span class='ocrx_word' id='word_1_66' title='bbox 1048 881 1357 951; x_wconf 44' lang='lat' dir='ltr'>voluntate&amp;</span> <span class='ocrx_word' id='word_1_67' title='bbox 1386 886 1520 956; x_wconf 88' lang='lat' dir='ltr'>quod</span> <span class='ocrx_word' id='word_1_68' title='bbox 1562 885 1642 941; x_wconf 78' lang='lat' dir='ltr'>vir</span> 
     </span>
     <span class='ocr_line' id='line_1_12' title="bbox 122 959 1641 1034; baseline 0.001 -20"><span class='ocrx_word' id='word_1_69' title='bbox 122 959 443 1014; x_wconf 87' lang='lat' dir='ltr'>doctissimus</span> <span class='ocrx_word' id='word_1_70' title='bbox 511 961 725 1031; x_wconf 85' lang='lat' dir='ltr'>probare</span> <span class='ocrx_word' id='word_1_71' title='bbox 759 962 1011 1034; x_wconf 75' lang='lat' dir='ltr'>deberet,</span> <span class='ocrx_word' id='word_1_72' title='bbox 1051 971 1100 1014; x_wconf 91' lang='lat' dir='ltr'>et</span> <span class='ocrx_word' id='word_1_73' title='bbox 1141 978 1243 1015; x_wconf 93' lang='lat' dir='ltr'>non</span> <span class='ocrx_word' id='word_1_74' title='bbox 1301 964 1502 1031; x_wconf 82' lang='lat' dir='ltr'>probat3</span> <span class='ocrx_word' id='word_1_75' title='bbox 1554 961 1641 1015; x_wconf 87' lang='lat' dir='ltr'>sed</span> 
     </span>
     <span class='ocr_line' id='line_1_13' title="bbox 124 1037 1643 1110; baseline 0.001 -20"><span class='ocrx_word' id='word_1_76' title='bbox 124 1037 178 1090; x_wconf 72' lang='lat' dir='ltr'>id</span> <span class='ocrx_word' id='word_1_77' title='bbox 221 1038 439 1094; x_wconf 88' lang='lat' dir='ltr'>Ioannes</span> <span class='ocrx_word' id='word_1_78' title='bbox 484 1048 708 1091; x_wconf 86' lang='lat' dir='ltr'>recenset</span> <span class='ocrx_word' id='word_1_79' title='bbox 774 1057 894 1110; x_wconf 85' lang='lat' dir='ltr'>prae</span> <span class='ocrx_word' id='word_1_80' title='bbox 934 1039 1131 1104; x_wconf 86' lang='lat' dir='ltr'>ceteris,</span> <span class='ocrx_word' id='word_1_81' title='bbox 1161 1053 1290 1107; x_wconf 83' lang='lat' dir='ltr'>quae</span> <span class='ocrx_word' id='word_1_82' title='bbox 1319 1039 1643 1107; x_wconf 84' lang='lat' dir='ltr'>praetermit-</span> 
     </span>
     <span class='ocr_line' id='line_1_14' title="bbox 128 1113 1641 1187; baseline 0 -20"><span class='ocrx_word' id='word_1_83' title='bbox 128 1114 202 1167; x_wconf 88' lang='lat' dir='ltr'>ti-t.</span> <span class='ocrx_word' id='word_1_84' title='bbox 247 1114 460 1169; x_wconf 78' lang='lat' dir='ltr'>Volebat</span> <span class='ocrx_word' id='word_1_85' title='bbox 512 1114 702 1167; x_wconf 87' lang='lat' dir='ltr'>scilieet</span> <span class='ocrx_word' id='word_1_86' title='bbox 745 1115 1032 1170; x_wconf 85' lang='lat' dir='ltr'>Honorium</span> <span class='ocrx_word' id='word_1_87' title='bbox 1074 1116 1136 1168; x_wconf 86' lang='lat' dir='ltr'>ab</span> <span class='ocrx_word' id='word_1_88' title='bbox 1178 1113 1369 1167; x_wconf 84' lang='lat' dir='ltr'>haeresi</span> <span class='ocrx_word' id='word_1_89' title='bbox 1400 1133 1641 1187; x_wconf 81' lang='lat' dir='ltr'>purgare,</span> 
     </span>
     <span class='ocr_line' id='line_1_15' title="bbox 125 1190 1642 1263; baseline 0.001 -19"><span class='ocrx_word' id='word_1_90' title='bbox 125 1202 176 1250; x_wconf 85' lang='lat' dir='ltr'>et</span> <span class='ocrx_word' id='word_1_91' title='bbox 216 1192 278 1244; x_wconf 89' lang='lat' dir='ltr'>ab</span> <span class='ocrx_word' id='word_1_92' title='bbox 321 1191 402 1245; x_wconf 88' lang='lat' dir='ltr'>illa</span> <span class='ocrx_word' id='word_1_93' title='bbox 444 1192 759 1245; x_wconf 65' lang='lat' dir='ltr'>accusatione</span> <span class='ocrx_word' id='word_1_94' title='bbox 792 1230 809 1259; x_wconf 88' lang='lat'><strong>‚</strong></span> <span class='ocrx_word' id='word_1_95' title='bbox 851 1210 1003 1263; x_wconf 86' lang='lat' dir='ltr'>quam</span> <span class='ocrx_word' id='word_1_96' title='bbox 1046 1192 1090 1244; x_wconf 89' lang='lat' dir='ltr'>ei</span> <span class='ocrx_word' id='word_1_97' title='bbox 1136 1190 1498 1246; x_wconf 79' lang='lat' dir='ltr'>monothelitae</span> <span class='ocrx_word' id='word_1_98' title='bbox 1559 1193 1642 1245; x_wconf 90' lang='lat' dir='ltr'>in-</span> 
     </span>
     <span class='ocr_line' id='line_1_16' title="bbox 122 1267 1642 1333; baseline 0.001 -12"><span class='ocrx_word' id='word_1_99' title='bbox 122 1267 370 1321; x_wconf 40' lang='lat' dir='ltr'>ferebant,</span> <span class='ocrx_word' id='word_1_100' title='bbox 439 1268 601 1321; x_wconf 88' lang='lat' dir='ltr'>Nemo</span> <span class='ocrx_word' id='word_1_101' title='bbox 663 1279 831 1322; x_wconf 84' lang='lat' dir='ltr'>autem</span> <span class='ocrx_word' id='word_1_102' title='bbox 874 1287 975 1323; x_wconf 88' lang='lat' dir='ltr'>non</span> <span class='ocrx_word' id='word_1_103' title='bbox 1019 1268 1214 1333; x_wconf 78' lang='lat' dir='ltr'>novit,</span> <span class='ocrx_word' id='word_1_104' title='bbox 1279 1267 1642 1324; x_wconf 85' lang='lat' dir='ltr'>Monotbelitas</span> 
     </span>
     <span class='ocr_line' id='line_1_17' title="bbox 129 1344 1642 1404; baseline 0.001 -6"><span class='ocrx_word' id='word_1_105' title='bbox 129 1345 309 1399; x_wconf 85' lang='lat' dir='ltr'>abusos</span> <span class='ocrx_word' id='word_1_106' title='bbox 349 1344 494 1398; x_wconf 83' lang='lat' dir='ltr'>fuisse</span> <span class='ocrx_word' id='word_1_107' title='bbox 534 1344 750 1399; x_wconf 84' lang='lat' dir='ltr'>Honorii</span> <span class='ocrx_word' id='word_1_108' title='bbox 776 1347 984 1400; x_wconf 89' lang='lat' dir='ltr'>nomine</span> <span class='ocrx_word' id='word_1_109' title='bbox 1008 1345 1069 1398; x_wconf 87' lang='lat' dir='ltr'>ad</span> <span class='ocrx_word' id='word_1_110' title='bbox 1100 1345 1455 1399; x_wconf 76' lang='lat' dir='ltr'>adstruendam</span> <span class='ocrx_word' id='word_1_111' title='bbox 1484 1363 1642 1404; x_wconf 85' lang='lat' dir='ltr'>uuam</span> 
     </span>
     <span class='ocr_line' id='line_1_18' title="bbox 128 1419 1642 1497; baseline 0.001 -22"><span class='ocrx_word' id='word_1_112' title='bbox 128 1422 180 1475; x_wconf 89' lang='lat' dir='ltr'>in</span> <span class='ocrx_word' id='word_1_113' title='bbox 219 1421 418 1478; x_wconf 84' lang='lat' dir='ltr'>Christo</span> <span class='ocrx_word' id='word_1_114' title='bbox 458 1421 792 1493; x_wconf 78' lang='lat' dir='ltr'>voluntatem,</span> <span class='ocrx_word' id='word_1_115' title='bbox 848 1419 922 1497; x_wconf 76' lang='lat'>(2)</span> <span class='ocrx_word' id='word_1_116' title='bbox 964 1422 1175 1493; x_wconf 81' lang='lat' dir='ltr'>arreptis</span> <span class='ocrx_word' id='word_1_117' title='bbox 1207 1423 1374 1478; x_wconf 86' lang='lat' dir='ltr'>verbis</span> <span class='ocrx_word' id='word_1_118' title='bbox 1402 1424 1642 1496; x_wconf 86' lang='lat' dir='ltr'>epistolae</span> 
     </span>
    </p>
   </div>
   <div class='ocr_carea' id='block_1_2' title="bbox 119 1571 1644 1987">
    <p class='ocr_par' dir='ltr' id='par_1_3' title="bbox 119 1571 1644 1987">
     <span class='ocr_line' id='line_1_19' title="bbox 121 1571 1643 1633; baseline 0.001 -16"><span class='ocrx_word' id='word_1_119' title='bbox 121 1571 241 1618; x_wconf 68' lang='lat' dir='ltr'>{tabet</span> <span class='ocrx_word' id='word_1_120' title='bbox 267 1573 485 1632; x_wconf 76' lang='lat' dir='ltr'>piissimum</span> <span class='ocrx_word' id='word_1_121' title='bbox 514 1579 683 1618; x_wconf 79' lang='lat' dir='ltr'>vestrum</span> <span class='ocrx_word' id='word_1_122' title='bbox 720 1573 942 1633; x_wconf 74' lang='lat' dir='ltr'>imperium,</span> <span class='ocrx_word' id='word_1_123' title='bbox 978 1573 1074 1631; x_wconf 75' lang='lat' dir='ltr'>qaia</span> <span class='ocrx_word' id='word_1_124' title='bbox 1123 1589 1202 1618; x_wconf 83' lang='lat' dir='ltr'>non</span> <span class='ocrx_word' id='word_1_125' title='bbox 1234 1581 1291 1620; x_wconf 78' lang='lat' dir='ltr'>est</span> <span class='ocrx_word' id='word_1_126' title='bbox 1320 1581 1413 1620; x_wconf 76' lang='lat' dir='ltr'>tune</span> <span class='ocrx_word' id='word_1_127' title='bbox 1455 1577 1643 1632; x_wconf 78' lang='lat' dir='ltr'>temporis</span> 
     </span>
     <span class='ocr_line' id='line_1_20' title="bbox 120 1629 1644 1694; baseline 0.001 -19"><span class='ocrx_word' id='word_1_128' title='bbox 120 1633 275 1690; x_wconf 74' lang='lat' dir='ltr'>positus</span> <span class='ocrx_word' id='word_1_129' title='bbox 305 1633 347 1676; x_wconf 79' lang='lat' dir='ltr'>in</span> <span class='ocrx_word' id='word_1_130' title='bbox 379 1633 539 1677; x_wconf 69' lang='lat' dir='ltr'>exordio</span> <span class='ocrx_word' id='word_1_131' title='bbox 591 1648 677 1676; x_wconf 85' lang='lat' dir='ltr'>cum</span> <span class='ocrx_word' id='word_1_132' title='bbox 728 1634 881 1693; x_wconf 78' lang='lat' dir='ltr'>fierent</span> <span class='ocrx_word' id='word_1_133' title='bbox 912 1640 1004 1677; x_wconf 78' lang='lat' dir='ltr'>aeta</span> <span class='ocrx_word' id='word_1_134' title='bbox 1034 1633 1075 1676; x_wconf 84' lang='lat' dir='ltr'>in</span> <span class='ocrx_word' id='word_1_135' title='bbox 1103 1640 1244 1679; x_wconf 81' lang='lat' dir='ltr'>sancta</span> <span class='ocrx_word' id='word_1_136' title='bbox 1281 1629 1324 1679; x_wconf 90' lang='lat' dir='ltr'>V.</span> <span class='ocrx_word' id='word_1_137' title='bbox 1359 1633 1525 1694; x_wconf 77' lang='lat' dir='ltr'>synodo,</span> <span class='ocrx_word' id='word_1_138' title='bbox 1570 1634 1644 1678; x_wconf 76' lang='lat' dir='ltr'>iste</span> 
     </span>
     <span class='ocr_line' id='line_1_21' title="bbox 120 1690 1643 1751; baseline 0.002 -17"><span class='ocrx_word' id='word_1_139' title='bbox 120 1692 195 1749; x_wconf 74' lang='lat' dir='ltr'>qui</span> <span class='ocrx_word' id='word_1_140' title='bbox 224 1692 367 1736; x_wconf 77' lang='lat' dir='ltr'>dicitur</span> <span class='ocrx_word' id='word_1_141' title='bbox 398 1708 525 1736; x_wconf 75' lang='lat' dir='ltr'>sermo</span> <span class='ocrx_word' id='word_1_142' title='bbox 570 1690 741 1737; x_wconf 78' lang='lat' dir='ltr'>Mennae</span> <span class='ocrx_word' id='word_1_143' title='bbox 772 1695 827 1738; x_wconf 83' lang='lat' dir='ltr'>ad</span> <span class='ocrx_word' id='word_1_144' title='bbox 861 1691 1062 1751; x_wconf 66' lang='lat' dir='ltr'>Viqilium.</span> <span class='ocrx_word' id='word_1_145' title='bbox 1099 1690 1216 1736; x_wconf 85' lang='lat' dir='ltr'>Vides</span> <span class='ocrx_word' id='word_1_146' title='bbox 1256 1707 1351 1751; x_wconf 63' lang='lat' dir='ltr'>ergo</span> <span class='ocrx_word' id='word_1_147' title='bbox 1404 1693 1643 1749; x_wconf 83' lang='lat' dir='ltr'>Legatorum</span> 
     </span>
     <span class='ocr_line' id='line_1_22' title="bbox 119 1749 1644 1811; baseline 0.001 -18"><span class='ocrx_word' id='word_1_148' title='bbox 119 1760 409 1807; x_wconf 71' lang='lat' dir='ltr'>argumentum:</span> <span class='ocrx_word' id='word_1_149' title='bbox 446 1751 504 1802; x_wconf 90' lang='lat' dir='ltr'>Si,</span> <span class='ocrx_word' id='word_1_150' title='bbox 540 1765 696 1808; x_wconf 84' lang='lat' dir='ltr'>nempe.</span> <span class='ocrx_word' id='word_1_151' title='bbox 717 1766 845 1796; x_wconf 88' lang='lat' dir='ltr'>sermo</span> <span class='ocrx_word' id='word_1_152' title='bbox 880 1753 957 1795; x_wconf 87' lang='lat' dir='ltr'>iste</span> <span class='ocrx_word' id='word_1_153' title='bbox 988 1749 1181 1806; x_wconf 84' lang='lat' dir='ltr'>genuinus</span> <span class='ocrx_word' id='word_1_154' title='bbox 1213 1762 1343 1803; x_wconf 89' lang='lat' dir='ltr'>esset,</span> <span class='ocrx_word' id='word_1_155' title='bbox 1378 1751 1644 1811; x_wconf 86' lang='lat' dir='ltr'>excipiendus</span> 
     </span>
     <span class='ocr_line' id='line_1_23' title="bbox 120 1809 1643 1870; baseline 0.002 -18"><span class='ocrx_word' id='word_1_156' title='bbox 120 1816 212 1853; x_wconf 71' lang='lat' dir='ltr'>erat</span> <span class='ocrx_word' id='word_1_157' title='bbox 241 1824 264 1854; x_wconf 90' lang='lat' dir='ltr'>a</span> <span class='ocrx_word' id='word_1_158' title='bbox 297 1809 483 1861; x_wconf 85' lang='lat' dir='ltr'>Notariis,</span> <span class='ocrx_word' id='word_1_159' title='bbox 517 1810 583 1853; x_wconf 76' lang='lat' dir='ltr'>vel</span> <span class='ocrx_word' id='word_1_160' title='bbox 615 1809 754 1854; x_wconf 87' lang='lat' dir='ltr'>saltem</span> <span class='ocrx_word' id='word_1_161' title='bbox 786 1809 1036 1870; x_wconf 82' lang='lat' dir='ltr'>reponendus</span> <span class='ocrx_word' id='word_1_162' title='bbox 1069 1811 1107 1854; x_wconf 91' lang='lat' dir='ltr'>in</span> <span class='ocrx_word' id='word_1_163' title='bbox 1140 1811 1270 1862; x_wconf 87' lang='lat' dir='ltr'>Actis,</span> <span class='ocrx_word' id='word_1_164' title='bbox 1296 1810 1391 1854; x_wconf 89' lang='lat' dir='ltr'>dum</span> <span class='ocrx_word' id='word_1_165' title='bbox 1424 1812 1525 1857; x_wconf 73' lang='lat' dir='ltr'>Acta</span> <span class='ocrx_word' id='word_1_166' title='bbox 1557 1811 1643 1868; x_wconf 89' lang='lat' dir='ltr'>ipsa</span> 
     </span>
     <span class='ocr_line' id='line_1_24' title="bbox 122 1867 1644 1927; baseline 0 -16"><span class='ocrx_word' id='word_1_167' title='bbox 122 1867 269 1912; x_wconf 71' lang='lat' dir='ltr'>sterent</span> <span class='ocrx_word' id='word_1_168' title='bbox 299 1868 339 1913; x_wconf 87' lang='lat' dir='ltr'>in</span> <span class='ocrx_word' id='word_1_169' title='bbox 369 1877 503 1913; x_wconf 84' lang='lat' dir='ltr'>sancta</span> <span class='ocrx_word' id='word_1_170' title='bbox 537 1867 584 1913; x_wconf 80' lang='lat' dir='ltr'>V.</span> <span class='ocrx_word' id='word_1_171' title='bbox 618 1869 787 1927; x_wconf 81' lang='lat' dir='ltr'>synodo.</span> <span class='ocrx_word' id='word_1_172' title='bbox 823 1872 876 1915; x_wconf 91' lang='lat' dir='ltr'>At</span> <span class='ocrx_word' id='word_1_173' title='bbox 907 1882 1018 1919; x_wconf 85' lang='lat' dir='ltr'>vero,</span> <span class='ocrx_word' id='word_1_174' title='bbox 1044 1867 1187 1912; x_wconf 86' lang='lat' dir='ltr'>dicunt</span> <span class='ocrx_word' id='word_1_175' title='bbox 1211 1869 1349 1926; x_wconf 82' lang='lat' dir='ltr'>legati,</span> <span class='ocrx_word' id='word_1_176' title='bbox 1383 1869 1527 1915; x_wconf 74' lang='lat' dir='ltr'>Menna</span> <span class='ocrx_word' id='word_1_177' title='bbox 1549 1877 1644 1912; x_wconf 79' lang='lat' dir='ltr'>tune.</span> 
     </span>
     <span class='ocr_line' id='line_1_25' title="bbox 122 1925 1644 1987; baseline 0.001 -17"><span class='ocrx_word' id='word_1_178' title='bbox 122 1936 300 1971; x_wconf 81' lang='lat' dir='ltr'>mortuus</span> <span class='ocrx_word' id='word_1_179' title='bbox 329 1936 427 1978; x_wconf 84' lang='lat' dir='ltr'>erat,</span> <span class='ocrx_word' id='word_1_180' title='bbox 453 1928 568 1985; x_wconf 85' lang='lat' dir='ltr'>eique</span> <span class='ocrx_word' id='word_1_181' title='bbox 590 1925 807 1986; x_wconf 82' lang='lat' dir='ltr'>Eutychius</span> <span class='ocrx_word' id='word_1_182' title='bbox 838 1933 1099 1979; x_wconf 78' lang='lat' dir='ltr'>successerat;</span> <span class='ocrx_word' id='word_1_183' title='bbox 1137 1942 1216 1971; x_wconf 92' lang='lat' dir='ltr'>non</span> <span class='ocrx_word' id='word_1_184' title='bbox 1238 1930 1368 1987; x_wconf 89' lang='lat' dir='ltr'>potuit</span> <span class='ocrx_word' id='word_1_185' title='bbox 1389 1928 1507 1986; x_wconf 83' lang='lat' dir='ltr'>igitur</span> <span class='ocrx_word' id='word_1_186' title='bbox 1527 1927 1644 1972; x_wconf 90' lang='lat' dir='ltr'>Men-</span> 
     </span>
    </p>
   </div>
   <div class='ocr_carea' id='block_1_3' title="bbox 122 1986 1644 2047">
    <p class='ocr_par' dir='ltr' id='par_1_4' title="bbox 0 1982 1644 2047">
     <span class='ocr_line' id='line_1_26' title="bbox 122 1986 1644 2047; baseline 0.001 -17.926"><span class='ocrx_word' id='word_1_187' title='bbox 122 1998 196 2030; x_wconf 79' lang='lat' dir='ltr'>nas</span> <span class='ocrx_word' id='word_1_188' title='bbox 227 1986 328 2030; x_wconf 87' lang='lat' dir='ltr'>hunc</span> <span class='ocrx_word' id='word_1_189' title='bbox 378 2000 599 2030; x_wconf 84' lang='lat' dir='ltr'>sermonem</span> <span class='ocrx_word' id='word_1_190' title='bbox 642 2001 773 2031; x_wconf 85' lang='lat' dir='ltr'>coram</span> <span class='ocrx_word' id='word_1_191' title='bbox 822 1987 966 2046; x_wconf 86' lang='lat' dir='ltr'>Vigilio</span> <span class='ocrx_word' id='word_1_192' title='bbox 999 1986 1180 2040; x_wconf 84' lang='lat' dir='ltr'>recitare,</span> <span class='ocrx_word' id='word_1_193' title='bbox 1215 2001 1345 2046; x_wconf 87' lang='lat' dir='ltr'>neque</span> <span class='ocrx_word' id='word_1_194' title='bbox 1397 1987 1565 2047; x_wconf 87' lang='lat' dir='ltr'>proinde</span> <span class='ocrx_word' id='word_1_195' title='bbox 1598 1987 1644 2031; x_wconf 83' lang='lat' dir='ltr'>ln</span> 
     </span>
    </p>
   </div>
   <div class='ocr_carea' id='block_1_4' title="bbox 122 2044 1644 2692">
    <p class='ocr_par' dir='ltr' id='par_1_5' title="bbox 126 2044 1042 2105">
     <span class='ocr_line' id='line_1_27' title="bbox 126 2044 1042 2105; baseline -0.001 -16"><span class='ocrx_word' id='word_1_196' title='bbox 126 2044 242 2089; x_wconf 78' lang='lat' dir='ltr'>Actis</span> <span class='ocrx_word' id='word_1_197' title='bbox 283 2046 506 2097; x_wconf 80' lang='lat' dir='ltr'>transcribi,</span> <span class='ocrx_word' id='word_1_198' title='bbox 540 2045 605 2088; x_wconf 83' lang='lat' dir='ltr'>vel</span> <span class='ocrx_word' id='word_1_199' title='bbox 637 2059 659 2089; x_wconf 90' lang='lat' dir='ltr'>a</span> <span class='ocrx_word' id='word_1_200' title='bbox 691 2044 864 2091; x_wconf 81' lang='lat' dir='ltr'>Notariis</span> <span class='ocrx_word' id='word_1_201' title='bbox 895 2045 1042 2105; x_wconf 80' lang='lat' dir='ltr'>excipi.</span> 
     </span>
    </p>

    <p class='ocr_par' dir='ltr' id='par_1_6' title="bbox 122 2102 1644 2692">
     <span class='ocr_line' id='line_1_28' title="bbox 186 2102 1638 2164; baseline 0.001 -17"><span class='ocrx_word' id='word_1_202' title='bbox 186 2103 260 2159; x_wconf 49' lang='lat'>(2),</span> <span class='ocrx_word' id='word_1_203' title='bbox 295 2103 337 2148; x_wconf 91' lang='lat' dir='ltr'>ld</span> <span class='ocrx_word' id='word_1_204' title='bbox 371 2114 523 2149; x_wconf 80' lang='lat' dir='ltr'>coastat</span> <span class='ocrx_word' id='word_1_205' title='bbox 552 2105 655 2148; x_wconf 79' lang='lat' dir='ltr'>inter</span> <span class='ocrx_word' id='word_1_206' title='bbox 676 2114 830 2150; x_wconf 83' lang='lat' dir='ltr'>ceteros</span> <span class='ocrx_word' id='word_1_207' title='bbox 852 2121 901 2151; x_wconf 82' lang='lat' dir='ltr'>ex</span> <span class='ocrx_word' id='word_1_208' title='bbox 924 2106 1031 2150; x_wconf 87' lang='lat' dir='ltr'>Pauli</span> <span class='ocrx_word' id='word_1_209' title='bbox 1059 2102 1201 2162; x_wconf 87' lang='lat' dir='ltr'>Cptani</span> <span class='ocrx_word' id='word_1_210' title='bbox 1228 2103 1478 2152; x_wconf 82' lang='lat' dir='ltr'>Patriarcbae</span> <span class='ocrx_word' id='word_1_211' title='bbox 1510 2104 1638 2164; x_wconf 83' lang='lat' dir='ltr'>Epist.</span> 
     </span>
     <span class='ocr_line' id='line_1_29' title="bbox 122 2161 1641 2223; baseline 0 -17"><span class='ocrx_word' id='word_1_212' title='bbox 122 2161 178 2207; x_wconf 61' lang='lat' dir='ltr'>«ad</span> <span class='ocrx_word' id='word_1_213' title='bbox 208 2162 458 2207; x_wconf 86' lang='lat' dir='ltr'>Theodorum</span> <span class='ocrx_word' id='word_1_214' title='bbox 493 2163 654 2223; x_wconf 83' lang='lat' dir='ltr'>Papam,</span> <span class='ocrx_word' id='word_1_215' title='bbox 688 2178 790 2221; x_wconf 86' lang='lat' dir='ltr'>quae</span> <span class='ocrx_word' id='word_1_216' title='bbox 821 2165 922 2210; x_wconf 85' lang='lat' dir='ltr'>lecta</span> <span class='ocrx_word' id='word_1_217' title='bbox 957 2171 1017 2208; x_wconf 88' lang='lat' dir='ltr'>est</span> <span class='ocrx_word' id='word_1_218' title='bbox 1049 2164 1186 2207; x_wconf 86' lang='lat' dir='ltr'>Secret</span> <span class='ocrx_word' id='word_1_219' title='bbox 1219 2163 1292 2209; x_wconf 91' lang='grc'><strong>111.</strong></span> <span class='ocrx_word' id='word_1_220' title='bbox 1328 2166 1495 2210; x_wconf 89' lang='lat' dir='ltr'>Concilii</span> <span class='ocrx_word' id='word_1_221' title='bbox 1529 2164 1641 2208; x_wconf 84' lang='lat' dir='ltr'>Late-</span> 
     </span>
     <span class='ocr_line' id='line_1_30' title="bbox 126 2221 1644 2282; baseline 0.001 -18"><span class='ocrx_word' id='word_1_222' title='bbox 126 2235 213 2266; x_wconf 78' lang='lat' dir='ltr'>ran.</span> <span class='ocrx_word' id='word_1_223' title='bbox 244 2222 320 2267; x_wconf 88' lang='lat' dir='ltr'>sub</span> <span class='ocrx_word' id='word_1_224' title='bbox 369 2221 552 2273; x_wconf 80' lang='lat' dir='ltr'>Martiae,</span> <span class='ocrx_word' id='word_1_225' title='bbox 586 2222 626 2265; x_wconf 91' lang='lat' dir='ltr'>in</span> <span class='ocrx_word' id='word_1_226' title='bbox 659 2237 734 2279; x_wconf 85' lang='lat' dir='ltr'>qua</span> <span class='ocrx_word' id='word_1_227' title='bbox 762 2234 967 2282; x_wconf 85' lang='lat' dir='ltr'>postquam</span> <span class='ocrx_word' id='word_1_228' title='bbox 1000 2223 1158 2267; x_wconf 82' lang='lat' dir='ltr'>dixerit:</span> <span class='ocrx_word' id='word_1_229' title='bbox 1201 2221 1312 2268; x_wconf 83' lang='lat' dir='ltr'>Unde</span> <span class='ocrx_word' id='word_1_230' title='bbox 1347 2231 1383 2269; x_wconf 81' lang='lat' dir='ltr'>et</span> <span class='ocrx_word' id='word_1_231' title='bbox 1415 2239 1532 2268; x_wconf 82' lang='lat' dir='ltr'>unam</span> <span class='ocrx_word' id='word_1_232' title='bbox 1562 2237 1644 2267; x_wconf 85' lang='lat' dir='ltr'>vo-</span> 
     </span>
     <span class='ocr_line' id='line_1_31' title="bbox 126 2279 1643 2341; baseline 0.001 -18"><span class='ocrx_word' id='word_1_233' title='bbox 126 2279 321 2326; x_wconf 64' lang='lat' dir='ltr'>teutatem</span> <span class='ocrx_word' id='word_1_234' title='bbox 359 2279 522 2325; x_wconf 80' lang='lat' dir='ltr'>Domini</span> <span class='ocrx_word' id='word_1_235' title='bbox 552 2279 694 2326; x_wconf 82' lang='lat' dir='ltr'>Nostri</span> <span class='ocrx_word' id='word_1_236' title='bbox 743 2282 834 2326; x_wconf 81' lang='lat' dir='ltr'>Iesu</span> <span class='ocrx_word' id='word_1_237' title='bbox 867 2283 1016 2329; x_wconf 76' lang='lat' dir='ltr'>Christi</span> <span class='ocrx_word' id='word_1_238' title='bbox 1047 2282 1320 2341; x_wconf 70' lang='lat' dir='ltr'>intelliyimus,·</span> <span class='ocrx_word' id='word_1_239' title='bbox 1365 2292 1484 2341; x_wconf 78' lang='lat' dir='ltr'>atque</span> <span class='ocrx_word' id='word_1_240' title='bbox 1522 2282 1643 2325; x_wconf 87' lang='lat' dir='ltr'>multa</span> 
     </span>
     <span class='ocr_line' id='line_1_32' title="bbox 126 2337 1644 2401; baseline 0.001 -19"><span class='ocrx_word' id='word_1_241' title='bbox 126 2337 181 2382; x_wconf 83' lang='lat' dir='ltr'>de</span> <span class='ocrx_word' id='word_1_242' title='bbox 233 2354 365 2398; x_wconf 83' lang='lat' dir='ltr'>pugna</span> <span class='ocrx_word' id='word_1_243' title='bbox 396 2341 643 2384; x_wconf 86' lang='lat' dir='ltr'>voluntatum</span> <span class='ocrx_word' id='word_1_244' title='bbox 680 2340 920 2393; x_wconf 84' lang='lat' dir='ltr'>disseruerit,</span> <span class='ocrx_word' id='word_1_245' title='bbox 957 2341 1174 2391; x_wconf 86' lang='lat' dir='ltr'>concludit,</span> <span class='ocrx_word' id='word_1_246' title='bbox 1224 2343 1403 2401; x_wconf 85' lang='lat' dir='ltr'>Sergium</span> <span class='ocrx_word' id='word_1_247' title='bbox 1436 2353 1476 2385; x_wconf 85' lang='lat' dir='ltr'>et</span> <span class='ocrx_word' id='word_1_248' title='bbox 1506 2340 1644 2384; x_wconf 90' lang='lat' dir='ltr'>Hono-</span> 
     </span>
     <span class='ocr_line' id='line_1_33' title="bbox 127 2397 1643 2455; baseline 0.001 -15"><span class='ocrx_word' id='word_1_249' title='bbox 127 2397 227 2441; x_wconf 80' lang='lat' dir='ltr'>rinm</span> <span class='ocrx_word' id='word_1_250' title='bbox 260 2399 361 2442; x_wconf 86' lang='lat' dir='ltr'>banc</span> <span class='ocrx_word' id='word_1_251' title='bbox 391 2401 564 2444; x_wconf 83' lang='lat' dir='ltr'>tenuisse</span> <span class='ocrx_word' id='word_1_252' title='bbox 596 2398 714 2443; x_wconf 87' lang='lat' dir='ltr'>sidem</span> <span class='ocrx_word' id='word_1_253' title='bbox 751 2415 760 2443; x_wconf 92' lang='lat'>:</span> <span class='ocrx_word' id='word_1_254' title='bbox 798 2399 950 2455; x_wconf 79' lang='lat' dir='ltr'>Quibus</span> <span class='ocrx_word' id='word_1_255' title='bbox 1000 2401 1278 2444; x_wconf 80' lang='lat' dir='ltr'>concordantes</span> <span class='ocrx_word' id='word_1_256' title='bbox 1310 2411 1347 2445; x_wconf 85' lang='lat' dir='ltr'>et</span> <span class='ocrx_word' id='word_1_257' title='bbox 1384 2408 1643 2444; x_wconf 80' lang='lat' dir='ltr'>consonantes</span> 
     </span>
     <span class='ocr_line' id='line_1_34' title="bbox 127 2456 1640 2519; baseline 0.001 -19"><span class='ocrx_word' id='word_1_258' title='bbox 127 2456 233 2515; x_wconf 77' lang='lat' dir='ltr'>sacti</span> <span class='ocrx_word' id='word_1_259' title='bbox 275 2466 366 2502; x_wconf 77' lang='lat' dir='ltr'>sunt</span> <span class='ocrx_word' id='word_1_260' title='bbox 423 2459 516 2516; x_wconf 84' lang='lat' dir='ltr'>piae</span> <span class='ocrx_word' id='word_1_261' title='bbox 562 2460 771 2502; x_wconf 84' lang='lat' dir='ltr'>memoriae</span> <span class='ocrx_word' id='word_1_262' title='bbox 814 2460 986 2519; x_wconf 72' lang='lat' dir='ltr'>Serqt&#39;us</span> <span class='ocrx_word' id='word_1_263' title='bbox 1017 2467 1053 2503; x_wconf 81' lang='lat' dir='ltr'>et</span> <span class='ocrx_word' id='word_1_264' title='bbox 1084 2458 1304 2504; x_wconf 68' lang='lat' dir='ltr'>Honorius.</span> <span class='ocrx_word' id='word_1_265' title='bbox 1340 2458 1390 2503; x_wconf 88' lang='lat' dir='ltr'>Et</span> <span class='ocrx_word' id='word_1_266' title='bbox 1434 2468 1476 2503; x_wconf 87' lang='lat' dir='ltr'>ut</span> <span class='ocrx_word' id='word_1_267' title='bbox 1505 2473 1640 2503; x_wconf 87' lang='lat' dir='ltr'>verum</span> 
     </span>
     <span class='ocr_line' id='line_1_35' title="bbox 131 2515 1635 2574; baseline 0.002 -16"><span class='ocrx_word' id='word_1_268' title='bbox 131 2515 273 2568; x_wconf 76' lang='lat' dir='ltr'>fatear,</span> <span class='ocrx_word' id='word_1_269' title='bbox 308 2530 386 2573; x_wconf 83' lang='lat' dir='ltr'>ego</span> <span class='ocrx_word' id='word_1_270' title='bbox 417 2518 566 2561; x_wconf 88' lang='lat' dir='ltr'>nullum</span> <span class='ocrx_word' id='word_1_271' title='bbox 596 2518 690 2561; x_wconf 85' lang='lat' dir='ltr'>novi</span> <span class='ocrx_word' id='word_1_272' title='bbox 724 2518 1038 2569; x_wconf 89' lang='lat' dir='ltr'>Monotbelitam‚</span> <span class='ocrx_word' id='word_1_273' title='bbox 1077 2519 1141 2574; x_wconf 87' lang='lat' dir='ltr'>qui</span> <span class='ocrx_word' id='word_1_274' title='bbox 1175 2526 1269 2562; x_wconf 89' lang='lat' dir='ltr'>ante</span> <span class='ocrx_word' id='word_1_275' title='bbox 1318 2518 1534 2562; x_wconf 88' lang='lat' dir='ltr'>Concilium</span> <span class='ocrx_word' id='word_1_276' title='bbox 1568 2516 1635 2561; x_wconf 90' lang='lat' dir='ltr'>Vl.</span> 
     </span>
     <span class='ocr_line' id='line_1_36' title="bbox 128 2574 1641 2635; baseline 0.003 -19"><span class='ocrx_word' id='word_1_277' title='bbox 128 2574 398 2626; x_wconf 79' lang='lat' dir='ltr'>affirmaverit,</span> <span class='ocrx_word' id='word_1_278' title='bbox 414 2576 463 2619; x_wconf 87' lang='lat' dir='ltr'>ab</span> <span class='ocrx_word' id='word_1_279' title='bbox 479 2575 668 2627; x_wconf 85' lang='lat' dir='ltr'>Honori0,</span> <span class='ocrx_word' id='word_1_280' title='bbox 703 2577 840 2622; x_wconf 88' lang='lat' dir='ltr'>saltem</span> <span class='ocrx_word' id='word_1_281' title='bbox 873 2579 1021 2622; x_wconf 80' lang='lat' dir='ltr'>directe</span> <span class='ocrx_word' id='word_1_282' title='bbox 1045 2584 1084 2622; x_wconf 90' lang='lat' dir='ltr'>et</span> <span class='ocrx_word' id='word_1_283' title='bbox 1106 2578 1307 2635; x_wconf 84' lang='lat' dir='ltr'>explicite,</span> <span class='ocrx_word' id='word_1_284' title='bbox 1333 2579 1451 2623; x_wconf 76' lang='lat' dir='ltr'>fuisse</span> <span class='ocrx_word' id='word_1_285' title='bbox 1477 2584 1641 2633; x_wconf 81' lang='lat' dir='ltr'>negatas</span> 
     </span>
     <span class='ocr_line' id='line_1_37' title="bbox 129 2631 1636 2692; baseline 0.003 -17"><span class='ocrx_word' id='word_1_286' title='bbox 129 2631 226 2676; x_wconf 86' lang='lat' dir='ltr'>duas</span> <span class='ocrx_word' id='word_1_287' title='bbox 257 2634 505 2692; x_wconf 80' lang='lat' dir='ltr'>operationes</span> <span class='ocrx_word' id='word_1_288' title='bbox 536 2637 574 2678; x_wconf 89' lang='lat' dir='ltr'>in</span> <span class='ocrx_word' id='word_1_289' title='bbox 605 2635 796 2689; x_wconf 85' lang='lat' dir='ltr'>Christo,·</span> <span class='ocrx_word' id='word_1_290' title='bbox 828 2637 898 2681; x_wconf 91' lang='lat' dir='ltr'>sed</span> <span class='ocrx_word' id='word_1_291' title='bbox 931 2636 1026 2680; x_wconf 91' lang='lat' dir='ltr'>duas</span> <span class='ocrx_word' id='word_1_292' title='bbox 1073 2638 1344 2682; x_wconf 86' lang='lat' dir='ltr'>tantummodo</span> <span class='ocrx_word' id='word_1_293' title='bbox 1395 2637 1636 2680; x_wconf 87' lang='lat' dir='ltr'>voluntates.</span> 
     </span>
    </p>
   </div>
   <div class='ocr_carea' id='block_1_5' title="bbox 131 2690 1640 2798">
    <p class='ocr_par' dir='ltr' id='par_1_7' title="bbox 131 2690 1640 2798">
     <span class='ocr_line' id='line_1_38' title="bbox 131 2690 1640 2798; baseline 0.003 -64"><span class='ocrx_word' id='word_1_294' title='bbox 131 2690 209 2798; x_wconf 52' lang='grc' dir='ltr'>ἓξὲξ</span> <span class='ocrx_word' id='word_1_295' title='bbox 241 2692 293 2759; x_wconf 45' lang='lat' dir='ltr'>id·</span> <span class='ocrx_word' id='word_1_296' title='bbox 314 2693 476 2741; x_wconf 81' lang='lat' dir='ltr'>sortasse</span> <span class='ocrx_word' id='word_1_297' title='bbox 500 2694 622 2739; x_wconf 86' lang='lat' dir='ltr'>oritur</span> <span class='ocrx_word' id='word_1_298' title='bbox 648 2705 700 2739; x_wconf 68' lang='lat' dir='ltr'>‘ex</span> <span class='ocrx_word' id='word_1_299' title='bbox 731 2710 807 2754; x_wconf 91' lang='lat' dir='ltr'>quo</span> <span class='ocrx_word' id='word_1_300' title='bbox 823 2710 902 2742; x_wconf 86' lang='lat' dir='ltr'>non</span> <span class='ocrx_word' id='word_1_301' title='bbox 930 2695 1061 2742; x_wconf 86' lang='lat' dir='ltr'>omnia</span> <span class='ocrx_word' id='word_1_302' title='bbox 1108 2695 1343 2742; x_wconf 82' lang='lat' dir='ltr'>documenta</span> <span class='ocrx_word' id='word_1_303' title='bbox 1388 2710 1481 2755; x_wconf 82' lang='lat' dir='ltr'>prae</span> <span class='ocrx_word' id='word_1_304' title='bbox 1513 2694 1640 2740; x_wconf 85' lang='lat' dir='ltr'>oculis</span> 
     </span>
     <span class='ocr_line' id='line_1_39' title="bbox 214 2765 1421 2797; baseline 0.004 -2"><span class='ocrx_word' id='word_1_305' title='bbox 214 2765 352 2797; x_wconf 82' lang='lat' dir='ltr'>uenm.</span> <span class='ocrx_word' id='word_1_306' title='bbox 1414 2780 1421 2784; x_wconf 92' lang='lat'>-</span> 
     </span>
    </p>
   </div>
  </div>
 </body>
</html>
