1780 3038
164 284 191 317 (ι
239 282 350 335 nus,
393 264 469 318 vel
501 264 651 321 etiam
683 260 931 331 pollicitus
969 273 1063 330 est,
1092 260 1320 332 exempla
1364 259 1670 315 definitionis

165 363 190 395 a
238 341 741 404 cumsubsignatiotw
766 349 1052 392 mansuetae
1075 340 1180 391 eius
1207 340 1485 391 serenitatis
1515 357 1669 409 prae-

166 441 191 471 «
240 421 345 472 buit
373 420 592 487 quinque
618 414 1031 486 patriarchalibus
1069 415 1266 468 sedibus
1316 413 1414 468 hoc
1453 417 1625 468 modo,

239 515 263 546 «
311 494 626 564 Apostolicae
667 494 781 545 Sedi
823 492 978 545 saneti
1021 503 1070 544 et
1112 491 1355 561 principis
1395 492 1670 562 Apostolo-

163 590 190 622 «
237 584 347 623 rum
406 569 564 634 Petri,
609 587 791 639 nempe
831 567 1087 638 Agathoni
1144 568 1456 622 sanctissimo
1496 569 1667 641 Papae

168 666 193 697 α
239 646 450 698 senioris
490 647 704 698 Romae.
748 657 845 699 ete.
897 663 921 696 ιι
969 639 1062 717 (l).

237 723 342 774 lam
368 739 487 776 vero
516 736 631 775 cum
655 722 776 775 lecta
802 728 875 775 est
896 718 1020 774 haec
1043 719 1157 773 fidei
1187 719 1670 791 definitio,pronun-

163 798 337 852 tiatum
364 800 413 850 in
444 818 501 852 ea
528 815 619 852 nec
649 817 711 852 ne
742 810 813 852 est
854 816 1039 852 nomen
1064 793 1327 850 Honorii‘?
1356 797 1407 850 Si
1438 816 1672 867 pronun-

163 876 362 943 tiatum3
402 891 525 946 ergo
567 874 831 928 damnatus
853 892 969 928 cum
993 875 1170 928 ceteris
1192 873 1534 928 monothelitis
1558 876 1671 947 suit,

145 963 210 1004 et
247 964 609 1022 consequenter
649 964 756 1005 acta
799 953 967 1005 onmia
1013 952 1301 1021 incorrupta
1334 952 1670 1025 existimanda

159 1042 272 1081 sunt
303 1044 319 1096 3
358 1045 473 1081 cum
515 1030 652 1082 enim
693 1030 863 1082 Patres
902 1045 1020 1082 eum
1051 1039 1102 1079 ut
1132 1025 1441 1081 haereticum
1471 1027 1673 1084 habue-

162 1106 261 1158 rint
286 1143 302 1172 ,
343 1107 566 1176 seqnitur
606 1106 872 1159 anathema
915 1106 959 1159 ei
1003 1105 1182 1158 dixisse
1223 1106 1280 1158 iis
1320 1106 1553 1158 omnibus
1595 1106 1675 1160 lo-

161 1184 231 1234 cis
262 1220 278 1249 ‚
350 1183 398 1234 in
440 1183 621 1253 quibus
660 1184 810 1237 ceteri
857 1180 1216 1236 monothelitae
1265 1180 1672 1236 anathematizati

162 1271 322 1326 sunt3
381 1257 418 1312 si
464 1261 870 1330 praetermissum
902 1297 919 1326 ‚
987 1259 1242 1329 quomodo
1284 1258 1468 1311 sactum
1509 1270 1582 1312 est
1620 1271 1676 1313 ut

159 1333 294 1389 hanc
336 1334 664 1389 intrusionem
708 1337 839 1390 illico
871 1371 888 1403 ‚
956 1336 1036 1389 vel
1079 1336 1313 1406 deinceps
1355 1335 1503 1406 legati
1571 1354 1673 1391 non

162 1414 643 1479 animadverterent,
684 1411 865 1483 quibus
906 1413 1217 1466 Graecorum
1260 1413 1456 1466 fraudes
1484 1413 1676 1484 optime

160 1492 452 1560 perspectae
493 1501 636 1543 erant
675 1509 737 1543 ex
781 1490 837 1543 iis
876 1504 1005 1560 quae
1048 1490 1100 1542 in
1142 1488 1369 1542 Concilio
1413 1490 1518 1559 ipso
1547 1507 1678 1544 con-

161 1564 414 1635 tigerant?
456 1567 713 1636 Siquidem
756 1569 942 1620 nedum
984 1566 1259 1636 exemplari
1289 1564 1596 1620 definitionis
1624 1567 1676 1620 in

162 1638 390 1696 Concilio
416 1642 541 1697 latae
564 1644 921 1714 subscripsere,
944 1643 1028 1696 sed
1051 1643 1203 1697 etiam
1227 1642 1335 1696 aliis
1364 1643 1589 1713 quinque
1612 1641 1678 1697 ad

159 1721 302 1772 sedes
345 1715 700 1791 patriarchales
742 1721 1053 1773 transmissis.
1085 1720 1281 1773 Deinde
1313 1720 1416 1791 ipse
1450 1719 1678 1792 Impera-

162 1802 242 1849 tor
264 1792 381 1850 huic
404 1796 711 1850 delinitionis
733 1795 1010 1862 exemplari
1033 1796 1343 1867 subscripsit,
1360 1807 1508 1866 atque
1534 1796 1686 1868 lega—⁷

151 1867 223 1925 *tis
260 1874 488 1939 tradiditg
522 1874 882 1944 explicandum
915 1872 1067 1944 igitur
1095 1887 1295 1943 quoque
1323 1883 1395 1926 est
1422 1874 1678 1943 quomodo

161 1966 256 2003 nec
300 1950 402 2022 ipse
444 1950 584 2002 illam
630 1947 963 2004 intrusionem
1025 1950 1455 2004 animadverterit.
1507 1949 1681 2022 Siqui-

160 2021 276 2079 dem
321 2025 401 2079 illa
444 2026 740 2098 contingere
783 2029 942 2098 potuit
970 2043 1031 2080 eo
1061 2027 1410 2080 tantummodo
1442 2028 1680 2098 temporis

163 2103 560 2173 intervall02quo
587 2105 897 2174 exemplaria
918 2099 1553 2157 Patriarchalibussedibus
1574 2115 1681 2158 tra-

161 2181 325 2234 denda
365 2182 767 2250 conficerentur,
812 2194 927 2234 cum
970 2191 1141 2252 postea
1181 2197 1266 2234 seu
1296 2180 1563 2252 episcopiS,
1592 2198 1677 2236 seu

219 2330 274 2387 (l)
307 2326 441 2378 Obiici
474 2339 611 2379 contra
643 2341 706 2376 me
738 2339 816 2375 non
850 2338 997 2390 potest,
1035 2328 1143 2389 quod
1177 2346 1219 2375 su
1253 2344 1396 2389 ponam
1430 2329 1469 2374 id
1503 2330 1608 2388 quod
1641 2329 1681 2377 in

158 2391 392 2446 quaestione
425 2402 618 2442 versatum
653 2401 692 2435 et
725 2391 830 2447 quod
863 2399 978 2434 antea
1012 2389 1183 2447 probare
1244 2390 1382 2434 cheam
1417 2390 1683 2449 incorruptio-

158 2463 250 2493 nem
286 2450 407 2506 ipsius
438 2449 680 2496 delinitionis
711 2450 836 2500 fidei;
870 2464 959 2492 nam
992 2449 1368 2493 demonstrationem
1403 2449 1572 2493 conficio
1603 2464 1684 2494 uon

161 2523 209 2550 ex
243 2510 470 2563 integritate
512 2511 634 2568 ipsius
666 2504 907 2552 definitionis
931 2539 941 2559 ‚
990 2507 1061 2550 sed
1092 2522 1140 2551 ex
1172 2509 1261 2551 aliis
1293 2509 1491 2566 capitibus
1523 2510 1683 2552 omnino

161 2567 407 2619 extrinsecis}
443 2564 492 2609 ‘de
526 2577 662 2612 cetero
689 2603 699 2617 ,
735 2576 824 2610 acta
859 2570 1044 2623 corrupta
1078 2564 1334 2611 traducuntur
1367 2569 1469 2610 circa
1503 2581 1548 2610 ea
1583 2581 1685 2624 quae

160 2626 377 2681 respiciunt
409 2640 564 2671 causam
599 2637 639 2671 et
671 2627 965 2670 damnationem
1000 2621 1165 2668 Honorii
1193 2661 1201 2675 ,
1237 2640 1315 2669 non
1348 2633 1477 2669 autem
1511 2625 1550 2668 in
1583 2621 1683 2669 reli-

161 2684 261 2740 quis;
296 2699 383 2728 cum
415 2692 544 2730 antem
576 2686 666 2730 dum
699 2686 864 2743 legimus
881 2685 1048 2728 Actione
1080 2682 1226 2729 XVlll.
1263 2684 1406 2728 tradita
1439 2685 1555 2728 luisse
1577 2683 1688 2741 lega-

157 2745 212 2798 tis
244 2743 484 2786 delinitionis
515 2745 754 2803 exemplaria
788 2745 893 2787 nulla
926 2745 1010 2788 eius
1041 2744 1188 2787 mentio
1220 2752 1429 2799 occurrat„
1452 2740 1552 2787 haec
1575 2752 1688 2789 acto-

161 2815 245 2844 tuin
280 2816 367 2859 pers
399 2803 449 2846 ab
483 2800 579 2863 ipsis
610 2804 848 2850 adversariis
878 2803 1106 2862 incorrupta
1138 2803 1297 2848 omuino
1330 2810 1390 2847 est
1422 2801 1654 2847 iudicanda.
