1780 3038
138 189 229 254 pta
249 190 404 245 sunt,
444 196 550 234 rem
590 180 815 234 omnimo
855 179 1136 244 dii-imunt3
1177 193 1301 247 ergo
1354 174 1478 230 adeo
1518 191 1640 231 vere

138 268 359 311 mentem
401 258 505 310 eius
544 256 792 325 exposuit,
834 264 886 305 ut
927 254 989 306 de
1027 256 1269 307 sententia
1314 252 1444 305 illius
1484 253 1533 304 in
1555 269 1640 312 as-

139 333 345 387 serenda
387 350 483 385 una
525 331 703 384 Christi
729 329 984 384 voluntate
1013 330 1243 384 dubitare
1272 328 1467 383 nonnisi
1500 345 1642 380 sum-

142 428 222 462 ma
266 409 542 461 temeritate
584 406 659 461 vel
702 406 902 458 stultitia
945 407 1210 475 possimus.
1256 406 1319 458 Ut
1358 406 1493 458 enim
1548 405 1643 457 de·-

142 486 551 538 monsttationem
593 483 763 552 paucis
816 482 1081 534 conficiam
1110 500 1127 550 3
1168 481 1267 535 ‘vel
1293 500 1460 535 unam
1491 477 1642 534 illam

146 564 464 614 volunlatem
511 555 737 611 Domini
795 554 966 611 nostri
1010 555 1128 612 Iesu
1171 555 1370 611 Christi
1416 575 1479 611 ex
1517 571 1644 610 sen-

142 636 293 688 tentia
334 635 545 690 Honorii
591 634 945 705 interpretatus
972 644 1064 704 est,
1107 634 1186 688 vel
1208 651 1317 702 sua3
1357 634 1395 687 si
1437 651 1500 687 ex
1525 647 1646 686 sen-'-

142 711 296 764 tentia
337 711 574 776 Houorii3
618 728 739 780 ergo
764 710 844 763 hie
869 709 1178 764 voluntatem
1220 709 1649 764 humanam-oon-

144 788 296 840 l'essus
335 798 405 841 est
446 788 494 839 in
538 787 756 854 Christo3
799 787 837 838 si
878 803 988 854 sua,
1028 787 1281 856 quomodo
1329 787 1436 839 sieri
1487 792 1649 857 potest

142 873 196 916 ut
235 873 526 932 argumenta
568 881 694 934 quae
761 862 942 932 affert,
1003 879 1231 932 quaeque
1269 863 1334 915 ab
1382 862 1466 916 illo
1527 879 1653 915 mu-

140 949 303 992 tuatus
339 950 410 992 est
431 940 738 994 voluntatem
779 938 1053 991 humanam
1093 938 1274 992 Christi
1335 939 1588 992 adstruant
1615 933 1654 990 ‘P

216 1016 280 1068 At
318 1016 707 1085 praeclarissima
749 1026 819 1068 est
858 1034 914 1070 ea
951 1052 967 1080 ‚
1008 1033 1159 1085 quam
1201 1016 1253 1067 S.
1298 1016 1550 1068 Maximus
1588 1014 1654 1087 de

144 1090 228 1143 illa
289 1109 386 1146 una
451 1092 708 1147 voluntate
768 1090 950 1144 Christi
1009 1092 1375 1163 expositionem
1440 1092 1559 1145 faeit
1598 1091 1653 1143 in

144 1167 307 1223 Tomo
354 1169 643 1238 dogmatico
702 1168 765 1220 ad
797 1169 1074 1232 Marinum,
1116 1165 1188 1255 (l.)
1232 1185 1494 1240 quamque
1516 1169 1655 1221 inte·-

146 1261 295 1313 gram
341 1247 524 1312 resero,
551 1246 831 1316 utquisque
886 1245 1001 1299 inde
1042 1246 1284 1316 pereipiat
1304 1252 1491 1316 quanta
1536 1243 1657 1304 eum

144 1321 363 1375 veritate
400 1333 595 1375 sanetus
653 1323 845 1375 Doctot‘
886 1332 935 1375 et
976 1321 1174 1393 Martyt‘
1212 1322 1320 1375 eius
1360 1326 1513 1426 sidem
1558 1321 1654 1374 de-

154 1396 384 1451 fenderit.
423 1396 515 1451 Sic
557 1400 725 1469 itaque
766 1398 944 1469 inquit.

224 1491 251 1523 <t
295 1472 429 1536 Quin
471 1475 733 1528 Romanae
773 1474 1025 1527 Ecclesiae
1064 1473 1256 1545 Papam
1329 1473 1642 1548 Honestum,

223 1548 416 1603 innatas
455 1552 684 1620 geminas
721 1553 771 1603 in
813 1550 1010 1604 Chiisto
1051 1551 1332 1604 voluntates
1372 1550 1506 1613 haud
1547 1564 1661 1628 pu·¹

224 1634 322 1676 tem
364 1628 633 1696 reprobat-e
654 1627 859 1698 epistola
884 1645 971 1680 sua
1013 1626 1074 1679 ad
1115 1628 1374 1715 Sergium,
1411 1642 1476 1678 eo
1514 1625 1655 1696 quod

223 1711 375 1755 unam
424 1704 733 1757 voluntatem
783 1703 985 1771 dixerit3
1047 1704 1133 1756 sed
1190 1704 1350 1773 magis
1387 1700 1653 1778 suffragat-i

221 1793 399 1846 easque
424 1782 600 1833 merito
626 1781 896 1848 adstruere3
925 1780 1008 1850 qui
1033 1797 1215 1850 nempe
1238 1779 1337 1833 hoe
1364 1779 1517 1846 dieat,
1548 1795 1665 1832 non*

224 1853 283 1904 ad
335 1852 616 1909 humanam
659 1874 714 1909 36
745 1857 1024 1912 naturalem
1059 1856 1334 1910 Salvatoris
1362 1854 1653 1910 elidendam

225 1928 556 2003 voluntatem,
595 1933 678 1986 sed
703 1938 758 1985 ut
796 1933 901 1985 eius
940 1933 1045 1984 sine
1072 1933 1263 1987 semine
1286 1932 1551 2002 conceptui
1589 1929 1668 1995 'ae‘

226 2004 516 2078 incorrupto
560 2009 719 2079 partui
761 2009 951 2061 nullam
992 2010 1155 2061 earnis
1208 2009 1529 2063 voluntatem
1567 2017 1669 2068 aut>

225 2079 542 2138 libidinosam
570 2085 927 2154 cogitationem
949 2085 1172 2138 ostendat
1201 2085 1487 2155 praeivisse.
1533 2085 1659 2139 Sol-a·

225 2157 366 2213 enim
405 2160 498 2212 Dei
541 2178 598 2214 ae
638 2162 799 2233 Pattis
865 2161 1096 2215 voluntas
1117 2178 1208 2231 per·
1233 2162 1440 2227 Filium,
1488 2159 1669 2231 ipsum?

230 2249 349 2286 suae
409 2235 764 2290 ineat-nationis
805 2248 1060 2290 auetmem
1093 2274 1109 2303 ‚
1149 2247 1199 2290 et
1238 2238 1451 2308 Spiritus
1495 2239 1666 2312 saneti

227 2325 548 2383 coneursum,
591 2312 721 2366 hane
762 2307 966 2384 oper-ata
1020 2322 1109 2364 est.
1155 2315 1317 2383 Atque
1367 2313 1498 2367 hane
1551 2309 1674 2375 esse⁴¹

231 2385 359 2439 illius
400 2402 641 2456 mentem,
683 2389 999 2460 hineliquet.
1030 2390 1158 2442 Nam
1197 2406 1313 2443 cum
1354 2391 1554 2444 dixisset
1591 2391 1659 2445 ob

229 2461 531 2519 ineffabilem
574 2477 783 2519 natur-ae
842 2465 1094 2518 humanae
1135 2482 1192 2518 36
1230 2466 1437 2528 divinae
1495 2464 1654 2522 unio-

230 2553 368 2607 nem,
411 2551 516 2596 tum
554 2543 650 2597 diei
693 2544 858 2597 Deum
898 2559 1097 2614 passum
1135 2559 1262 2613 esse,
1303 2552 1409 2598 tum
1466 2541 1656 2599 huma-

150 1568 176 1675 22

151 1718 179 2135 ananan

154 2174 185 2587 2-2222

214 2684 274 2744 (1)
305 2687 435 2749 Migne
466 2691 611 2741 Patrol.
651 2694 795 2741 Graec.
843 2691 956 2740 Tom.
993 2694 1062 2738 9-1.
1099 2692 1175 2738 col.
1211 2692 1313 2746 238,
