1780 3038
608 163 626 186 ⁹'
740 195 815 206 -—
854 167 963 219 200
1003 187 1078 206 —-

156 262 342 318 nempe
381 244 485 300 Leo
527 244 592 298 ΙΙ.
663 243 1041 297 damnationem
1084 240 1221 295 illam
1286 243 1666 298 confirmaverit

159 325 212 378 in
272 325 413 376 litera
479 339 565 374 sua
626 320 687 372 ad
746 322 1066 389 Pogonatum
1128 337 1220 390 pro
1280 321 1669 375 confirmatione

158 396 248 452 VI.
296 398 509 469 synodi,
533 396 778 466 excerptis
816 413 879 448 ex
918 395 1127 466 epistola
1169 396 1423 467 Synodica
1479 397 1669 469 quibu-

156 476 296 529 sda'm
339 476 438 528 fere
480 474 539 526 ad
584 473 794 527 verbum
834 472 1093 526 sententiis
1117 489 1135 539 3
1178 489 1294 526 cum
1334 475 1470 527 enim
1511 477 1671 528 Acto-

159 566 272 604 rum
313 549 573 619 exemplar
632 549 834 618 Legatis
895 549 1130 601 traditum
1154 566 1254 602 non
1307 550 1521 621 legatur3
1562 546 1581 622 (
1619 561 1671 604 et

158 626 257 681 hoc
298 627 518 680 concedo
564 627 602 679 si
644 623 824 698 placet)
866 626 998 679 unde
1040 625 1181 680 novit
1223 626 1325 696 ipse
1373 628 1670 697 praedeces—-

157 699 281 758 soris
339 703 412 755 sui
454 703 832 755 damnationem
899 702 991 755 nisi
1033 719 1095 754 ex
1135 702 1447 756 documentis
1476 741 1494 775 ,
1541 720 1670 774 quae

157 780 338 849 Legati
382 796 551 832 secum
592 779 812 832 Romam
854 775 1157 831 attulerant?
1187 779 1465 849 Fingamus
1495 791 1664 834 tamen

157 852 483 926 Agathonem
524 856 792 909 diaconum
834 866 941 908 acta
983 855 1284 925 corrupisse3
1326 866 1375 909 at
1413 852 1670 927 quando?

158 934 443 1003 Antequam
485 933 590 987 Leo
630 933 957 986 confirmaret
1013 942 1203 984 sextam
1258 932 1546 1003 Synodum,
1588 932 1669 987 vel

161 1006 369 1081 postea?
409 1006 460 1061 Si
503 1021 658 1077 ante3
703 1009 911 1080 agnovit
954 1024 1046 1061 nec
1087 1025 1149 1062 ne
1191 1007 1323 1062 hanc
1379 1009 1675 1081 corruptio·

157 1083 311 1140 nem?
350 1082 401 1139 Si
443 1087 736 1156 cognovit,
779 1103 937 1157 quare
977 1086 1038 1139 de
1080 1084 1253 1138 fraude
1311 1097 1513 1156 questus
1566 1103 1670 1140 non

159 1159 267 1216 est‘?
309 1163 466 1215 immo
507 1181 662 1233 quare
706 1163 864 1216 fraudi
908 1178 1133 1215 assensus
1172 1162 1465 1216 Honorium
1522 1163 1672 1216 dam-

157 1236 333 1294 navit‘?
364 1240 412 1291 ni
455 1240 835 1310 corruptionem
875 1238 1199 1308 cognoverit,
1247 1240 1427 1293 eadem
1493 1256 1673 1294 recur-

160 1316 225 1369 rit
265 1313 549 1369 difficultas.
596 1317 646 1369 Si
678 1326 788 1387 post
809 1315 1255 1370 confirmationem
1278 1327 1446 1370 sextae
1474 1314 1668 1389 Synodi

160 1393 295 1446 fraus
338 1392 421 1446 illa
464 1393 527 1445 ab
574 1391 836 1464 Agathone
876 1393 1090 1447 admissa
1131 1402 1225 1459 est,
1266 1394 1525 1463 quomodo
1555 1404 1671 1447 ante

163 1468 325 1536 illam,
374 1468 641 1523 anathema
683 1470 788 1524 Leo
848 1469 1146 1524 antecessori
1187 1486 1276 1524 suo
1337 1466 1516 1523 dixit?
1555 1469 1672 1524 Non

162 1545 276 1600 dico
317 1563 381 1599 an
424 1547 530 1617 ipso
575 1547 825 1618 vivente,
870 1548 948 1602 vel
989 1556 1099 1617 post
1137 1546 1243 1599 eius
1306 1556 1522 1600 mortem
1562 1557 1673 1600 acta

160 1633 398 1693 corrupta
437 1623 555 1693 sin13
595 1640 796 1695 semper
834 1625 971 1678 enim
1012 1623 1217 1677 eaedem
1245 1622 1560 1677 difficultates
1586 1641 1707 1685 re-,

160 1705 387 1753 currr’unti
926 1744 954 1768 a

237 1774 588 1831 Praetermitto
647 1775 799 1830 etiam
863 1787 1221 1845 argumentum
1248 1811 1265 1842 ‚
1303 1775 1439 1846 quod
1478 1776 1670 1830 desumi

160 1863 327 1924 posset
366 1869 428 1906 ex
468 1852 676 1925 repetita
720 1852 965 1906 eiusmodi
1027 1853 1352 1906 damnatione
1396 1854 1445 1906 in
1486 1853 1675 1908 Conci-

162 1929 242 1982 liis
284 1923 395 1982 vll.
441 1941 489 1984 et
529 1925 667 1983 VIII.
713 1928 981 1993 Quomodo
1022 1931 1159 1982 enim
1200 1930 1378 1999 Legati
1407 1929 1673 1986 Romanae

162 2006 306 2060 Sedis
371 2007 637 2061 tacuissent
694 2003 830 2060 hisce
872 2007 921 2059 in
963 2006 1220 2073 Concilii8‚
1262 2008 1384 2060 dum
1443 2007 1676 2061 audirent

164 2081 397 2136 damnari
456 2101 572 2138 cum
638 2082 984 2136 Monothelitis
1042 2094 1093 2136 et
1149 2080 1479 2151 Honorium‚
1520 2100 1675 2154 quem

163 2159 460 2213 damnatum
503 2162 551 2213 in
592 2156 819 2213 Concilio
844 2160 957 2222 VI„
998 2176 1060 2213 ex
1082 2160 1445 2231 suppositione,
1470 2160 1548 2215 vel
1581 2179 1676 2215 ne·-

162 2237 424 2308 sriehant‚
471 2238 550 2293 vel
613 2237 822 2291 omnino
863 2254 965 2290 non
1007 2238 1302 2290 damnatum
1369 2235 1675 2292 noverant?

164 2312 418 2367 Tacuisset
456 2329 519 2368 ne
562 2313 611 2366 in
682 2313 822 2365 Vlll.
888 2310 1095 2385 Synodo
1156 2310 1383 2367 Marinus
1435 2313 1678 2369 diaconus

163 2387 524 2445 ecclesiasticae
564 2390 866 2444 fortitudinis
905 2390 1140 2443 columna
1183 2388 1639 2461 inexpugnabilis?

247 2469 514 2522 Praetereo
575 2469 726 2521 etiam
793 2467 1141 2520 difficultatem
1203 2466 1341 2520 illam
1401 2470 1678 2523 maximam

164 2546 521 2615 corrumpendi
545 2555 672 2599 acta.
699 2544 958 2614 Siquidem
981 2561 1082 2597 non
1124 2544 1367 2613 agebatur
1407 2545 1468 2598 de
1509 2546 1678 2598 intru-

164 2621 330 2676 dendo
353 2619 569 2676 Honorii
600 2621 807 2676 nomine
828 2620 925 2675 hoc
955 2621 1032 2676 vel
1078 2620 1162 2675 illo
1186 2631 1413 2675 actorum
1435 2621 1568 2690 loce,
1590 2620 1679 2677 sed

167 2696 230 2751 de
271 2699 619 2769 confingendis
660 2698 886 2771 pluribus
908 2698 1130 2769 partibus
1169 2698 1425 2751 actionum
1447 2716 1681 2771 praeser-

168 2774 258 2829 tim
283 2775 401 2830 ΧΠ.
434 2787 483 2832 et
504 2776 647 2831 Xlll.
693 2775 948 2849 Quidquid
970 2775 1107 2830 enim
1148 2774 1362 2844 dicatur3
1390 2775 1452 2832 de
1479 2783 1543 2831 eo
1564 2792 1681 2835 cet.-
