1780 3038
133 243 614 304 accttsatum,tum
655 237 870 304 ratione,
911 238 977 292 ob
1023 255 1175 309 quam
1223 235 1370 292 unice
1422 239 1640 296 affirmat

132 331 277 386 posse
325 314 588 366 Romanos
634 314 873 368 antistites
923 316 988 368 ab
1036 315 1353 370 inferioribus
1409 314 1637 371 iudicari.

133 392 227 444 His
272 390 556 444 consectum
587 387 683 443 hoc
723 399 873 460 caput
919 391 1080 446 videri
1111 402 1294 463 posset;
1318 401 1391 445 tot
1415 392 1554 457 enim
1581 409 1642 447 ac

115 477 271 524 ‚tanta
292 477 406 520 sunt
427 465 750 535 documenta,
783 483 912 535 quae
960 468 1099 520 attuli
1125 469 1185 521 ad
1216 468 1347 522 hanc
1377 469 1642 524 veritatem

132 542 523 615 expediendam,
546 553 599 594 ut
626 542 721 595 aiia
764 542 946 597 addere
973 544 1286 615 superfluum
1315 546 1376 599 sit
1406 545 1643 600 iudican-

133 620 272 674 dum.
302 622 536 672 Attamen
565 618 626 671 ad
656 619 899 672 maiorem
930 621 998 673 rei
1040 621 1480 676 confirmationem
1509 622 1640 678 addo

133 697 476 751 testimonium
503 696 750 749 Anastasii
791 694 1191 765 Bibliothecarii‚
1214 699 1298 768 qui
1324 699 1373 752 in
1400 716 1489 753 sua
1516 698 1643 754 Cot-

130 772 355 829 lectanea
389 772 450 826 ad
479 771 723 826 Ioannem
777 771 1063 826 Diaconum
1092 771 1218 828 haec
1263 776 1455 829 scribit:
1489 793 1517 829 «
1561 775 1640 830 Ad

132 871 161 907 «
207 867 386 904 manus
425 860 619 903 nostras
665 849 839 903 venire
870 850 1080 920 contigit
1103 849 1406 922 Apologiam
1436 852 1641 913 Ioannis

134 948 163 985 α
206 926 295 980 IV.
326 927 480 980 Rom.
506 925 762 980 Pontificis
785 942 876 996 pro
903 926 1131 980 Honorio
1155 929 1290 998 Papa
1315 946 1342 981 a
1364 927 1644 982 calumnia-

134 1022 165 1059 «
209 1003 399 1058 toribus
427 1003 675 1073 impetito,
711 1002 846 1073 quod
888 1019 1042 1056 unam
1098 1004 1307 1057 Domini
1342 1006 1497 1058 nostri
1527 1005 1640 1059 Iesu

133 1095 162 1135 α
205 1079 388 1134 Christi
432 1089 625 1132 tantum
664 1078 916 1151 scripserit
945 1079 1279 1149 voluntatem3
1316 1098 1446 1151 quae
1493 1082 1642 1137 vide-

133 1175 162 1211 «
207 1157 322 1211 licet
362 1155 595 1229 apologia
634 1156 749 1209 satis
789 1153 925 1208 hunc
956 1191 973 1223 ,
1015 1166 1069 1209 ut
1109 1173 1263 1224 reor,
1303 1158 1640 1214 excusabilem

130 1255 160 1290 ι
205 1233 415 1301 reddit,
456 1232 571 1287 iicet
611 1231 729 1286 huic
767 1243 903 1286 sexta
945 1231 1168 1304 synodus
1205 1234 1343 1304 quasi
1386 1232 1640 1290 haeretico

133 1329 162 1365 α
206 1309 476 1365 anathema
541 1309 762 1376 dixerit,
804 1320 855 1363 et
895 1309 953 1362 irr
987 1309 1081 1364 Dei
1121 1309 1274 1364 solius
1315 1310 1415 1364 iam
1457 1310 1642 1367 iudicio

131 1407 162 1442 «
206 1388 425 1460 positum
466 1386 835 1459 reprobationis
874 1386 973 1440 telo
1014 1386 1307 1457 perfoderi13
1357 1403 1472 1442 cum
1514 1385 1643 1443 hae-

131 1483 162 1519 «
206 1466 387 1519 reticus
427 1481 529 1519 non
569 1480 631 1517 ex
670 1463 856 1518 erroris
894 1471 1088 1516 tantum
1128 1463 1446 1534 deceptione,
1485 1481 1644 1536 quan-

131 1559 161 1596 «
209 1553 316 1596 tum
353 1557 417 1595 ex
436 1540 683 1596 electione
723 1557 826 1595 non
867 1545 1044 1613 recta,
1084 1549 1134 1595 et
1171 1541 1480 1596 contentiosa
1520 1559 1643 1614 per-

130 1638 160 1676 «
205 1619 386 1673 tinacia
427 1628 711 1688 generetur.
761 1635 788 1670 n

205 1694 270 1749 Ut
298 1694 607 1750 haereticum
628 1696 790 1767 ‘igitur
811 1694 1105 1748 damnatum
1126 1690 1413 1749 Honorium
1435 1712 1463 1748 a
1490 1694 1640 1752 Sexta

124 1770 336 1845 Synodo
377 1773 664 1826 Anastasius
704 1771 920 1843 putavit.
963 1770 1138 1841 Neque
1179 1788 1386 1826 movere
1415 1788 1507 1826 nos
1545 1772 1642 1827 de-

127 1849 233 1917 het,
274 1850 409 1921 quod
447 1850 632 1904 scribat
669 1845 959 1903 anathema
996 1844 1044 1901 ei
1081 1843 1283 1903 dictum
1321 1846 1472 1919 quasi
1510 1844 1641 1903 leae-

125 1923 311 1994 raico,
355 1926 420 1980 ita
460 1936 515 1980 ut
551 1942 722 1981 sensus
760 1926 845 1993 sit,
887 1924 1076 1978 dictum
1117 1923 1186 1977 illi
1228 1924 1496 1980 anathema
1536 1942 1640 1980 non

127 2013 183 2057 ut
222 2003 476 2058 haeretico
516 2004 721 2075 proprie
761 2002 915 2068 dict0,
956 2000 1042 2054 sed
1082 2001 1236 2055 veluti
1279 2002 1349 2055 ilii
1409 2003 1492 2074 qui
1536 2019 1640 2057 non

127 2080 277 2152 piene
316 2090 365 2134 et
404 2080 622 2152 perfecte
662 2078 773 2133 talis
812 2088 977 2145 esset3
1018 2078 1207 2131 etenim
1255 2079 1506 2149 praedicta
1545 2079 1641 2132 Bi-

126 2156 443 2212 biiothecarii
488 2158 638 2212 verba
687 2154 820 2211 hanc
858 2154 1156 2209 sententiam
1212 2155 1454 2210 referunt:
1495 2152 1642 2211 Licet

122 2230 368 2290 Honorio
417 2232 495 2290 VI
515 2229 758 2306 Synodtts
796 2230 1084 2287 anathema
1121 2228 1321 2287 dimerit
1367 2229 1530 2287 veluti
1558 2229 1643 2288 illi

124 2308 227 2383 qui·
254 2318 376 2366 esset
415 2308 728 2366 haereticus.
771 2308 918 2363 Hanc
956 2325 1061 2362 esse
1099 2309 1205 2362 eius
1244 2318 1463 2362 mentem
1505 2319 1642 2381 patet

124 2404 189 2441 ex
230 2388 396 2444 verbis
434 2387 775 2460 sequentibuS‚
816 2387 997 2458 quibus
1024 2384 1165 2453 dicit,
1207 2382 1486 2440 haereticos
1513 2403 1640 2457 pro-

124 2464 238 2536 prie
276 2465 434 2520 dictos
497 2482 584 2519 eos
641 2482 789 2533 esse,
855 2463 940 2534 qui
1000 2462 1278 2532 pertinaces
1320 2462 1369 2515 in
1408 2478 1498 2515 suo
1551 2480 1639 2517 er-

124 2557 241 2595 rore
298 2542 516 2596 defuncti
582 2551 719 2610 sunt,
790 2557 892 2594 non
958 2549 1125 2592 autem
1188 2537 1277 2604 iiii
1317 2538 1402 2610 qui
1442 2539 1638 2594 etiamsi

125 2616 178 2670 in
218 2620 404 2674 erroris
470 2620 767 2690 deceptione
807 2616 995 2671 suerint
1034 2651 1051 2683 ‚
1101 2625 1272 2669 tamen
1313 2632 1432 2670 eum
1484 2615 1639 2687 depo-

122 2695 332 2749 suerint.
374 2695 537 2768 Negat
562 2713 689 2765 ergo
736 2694 1023 2748 Anastasius
1079 2690 1366 2746 Honorium
1419 2693 1638 2765 potuisse

124 2786 156 2826 a
194 2772 427 2829 Patribus
465 2773 553 2828 vl.
620 2772 799 2846 synodi
866 2769 1120 2840 damnari,
1159 2769 1276 2841 quia
1329 2769 1521 2826 etiamsi
1550 2788 1638 2825 er-
