1780 3038
99 338 290 391 Ioanne
331 336 586 392 verissime
626 338 722 395 dici
763 342 874 410 quis
913 357 1134 411 unquam
1180 338 1448 406 dubitabit,
1489 355 1612 401 cum

99 411 442 485 interpretatio
482 416 588 467 eius
628 416 837 470 omnino
899 417 1198 488 respondeat
1235 418 1492 470 contextui
1554 429 1606 470 ct
1644 477 1646 481 .

96 491 385 562 espositioni
429 491 666 561 epistolae
706 490 958 547 Honorii‘?
999 497 1062 546 At
1101 495 1138 546 si
1182 494 1440 547 Honorius
1490 494 1603 548 ideo

93 579 260 622 unam
285 564 606 622 voluntatem
628 565 684 621 in
715 566 924 623 Christo
951 566 1213 643 professus
1241 578 1335 637 est,
1370 585 1470 640 quo
1510 588 1605 624 ex-

93 642 317 696 cluderet
378 661 600 714 pugnam
641 661 768 714 quae
789 646 833 698 ei
861 646 1164 718 inferebatur
1197 662 1288 717 per
1310 647 1602 716 contagium

90 720 296 774 vitiatae
338 731 568 785 naturae,
598 738 751 791 quam
792 740 892 775 non
922 723 1190 793 suscepisse
1226 722 1599 777 evidentissime

87 796 290 868 probat3
328 797 439 865 quis
479 798 574 850 erit
614 808 716 850 tam
756 799 970 852 absurdo
1003 799 1228 869 ingenio,
1261 798 1340 853 vel
1372 799 1596 868 maligno

87 884 144 927 ut
208 872 510 927 concludere
571 873 694 928 velit
753 892 872 927 eum
933 875 1243 930 voluntatem
1313 872 1596 929 humanam

88 948 140 1002 in
181 948 379 1003 Christo
442 966 648 1019 negasse
675 945 705 1003 ‘l
734 949 806 1004 'Si
847 952 1068 1005 excludit
1108 950 1422 1005 voluntatem
1463 969 1596 1005 con—-

88 1026 344 1094 uariam,
410 1043 508 1096 qua
575 1026 769 1096 logicae
830 1029 1003 1097 regula
1064 1028 1239 1082 ductus
1302 1028 1414 1098 quis
1456 1029 1600 1082 affir—

85 1102 245 1156 mabit
303 1102 568 1157 exclusisse
648 1103 958 1158 voluntatem
1019 1103 1297 1158 naturalem
1329 1100 1359 1157 ⁶?
1399 1104 1450 1157 Si
1513 1106 1600 1158 de-

86 1195 228 1237 mum
287 1175 352 1233 ab
393 1176 486 1234 illa
552 1198 663 1233 una
722 1177 986 1235 voluntate
1018 1218 1034 1247 ,
1089 1197 1243 1250 quam
1302 1180 1484 1234 fatetur
1545 1183 1596 1234 in

89 1253 289 1309 Christo
322 1292 339 1322 ,
381 1256 604 1309 excludit
651 1256 878 1309 fomitem
943 1257 1430 1328 concupiscentiae3
1485 1259 1597 1329 quis

83 1331 252 1386 dicere
311 1333 495 1404 poterit
552 1349 669 1385 eum
730 1331 952 1386 locutum
1012 1334 1074 1387 de
1151 1333 1413 1388 voluntate
1459 1333 1599 1388 divi-

82 1405 202 1463 na?
245 1409 473 1463 Fortasse
532 1425 596 1463 ne
635 1409 871 1464 divinitas
930 1409 1103 1464 fomite
1161 1410 1597 1482 concupiscentiae

83 1485 333 1556 abripitur
365 1481 396 1539 ἶ)

158 1553 396 1629 Verum3
440 1560 539 1636 (ut
586 1573 884 1633 argumenta
943 1563 1221 1618 extrinseca
1263 1563 1314 1616 in
1369 1562 1595 1619 medium

81 1636 384 1712 proferam)
425 1650 591 1693 rectae
651 1640 1076 1711 interpretationis
1116 1639 1288 1709 regula
1328 1650 1448 1707 est,
1496 1641 1596 1694 ali-

81 1715 223 1768 cuius
261 1716 542 1769 sententiae
600 1716 1045 1787 significationem,
1083 1717 1123 1770 si
1165 1716 1316 1770 dubia
1356 1717 1438 1782 sit,
1488 1732 1595 1771 esse

85 1792 443 1862 exponendam
484 1793 621 1845 iuxta
664 1793 869 1847 illorum
910 1794 1042 1848 dicta
1073 1832 1090 1860 ,
1130 1794 1215 1863 qui
1259 1792 1339 1849 vel
1381 1788 1595 1848 iuridice

81 1866 221 1922 illam
262 1869 679 1939 interpretantur,
723 1887 841 1924 cum
885 1870 931 1924 id
974 1871 1198 1924 muneris
1243 1869 1304 1923 ad
1345 1883 1430 1924 eos
1471 1880 1593 1941 per-

83 1943 288 2013 tineat3
331 1945 409 1999 vel
450 1945 642 1999 saltem*
668 1947 734 1999 ita
795 1949 986 2000 auctori
1031 1947 1247 2019 proximi
1304 1946 1442 1999 suere
1478 1981 1495 2014 ‚
1539 1958 1593 2000 ut

83 2016 288 2076 indubie
367 2034 591 2076 mentem
668 2016 776 2077 eius
842 2026 1031 2095 assequi
1114 2023 1386 2096 potuerint.
1432 2025 1495 2076 At
1550 2024 1590 2077 si

81 2114 178 2167 ego
244 2097 362 2152 huic
429 2099 633 2169 regulae
695 2101 914 2153 insistam
944 2137 962 2168 ‚
1005 2110 1059 2154 ut
1121 2100 1445 2154 insistendum
1485 2115 1591 2153 esse

82 2174 321 2242 arbitror,
362 2177 572 2228 omnino
614 2171 967 2231 demonstrabo
1002 2193 1282 2248 numquam
1310 2174 1590 2229 humanam

82 2251 393 2307 voluntatem
454 2251 636 2306 Christi
695 2253 983 2307 Honorium
1050 2254 1195 2307 fuisse
1262 2252 1583 2305 inficiatum.

68 2326 315 2385 Duorum
376 2337 544 2384 tamen
606 2330 889 2385 testimonio
931 2348 1014 2385 me
1052 2329 1340 2403 expediam,
1380 2328 1466 2382 sed
1508 2339 1587 2382 ta-

84 2496 102 2520 «
137 2486 278 2523 sonent
306 2477 473 2523 vocibus
503 2491 680 2523 ranarum
713 2478 955 2538 philosophi,
977 2495 1110 2539 ,quam
1142 2485 1184 2524 ut
1214 2477 1414 2536 simplices
1443 2477 1584 2521 ethn-

84 2554 104 2579 ι
141 2536 252 2582 miles
283 2537 423 2596 spiritu
456 2537 595 2596 populi
633 2538 833 2583 christiani
857 2541 1005 2597 possint
1037 2553 1239 2583 remanere
1272 2536 1404 2580 ieiuni.
1446 2535 1583 2581 Nullus

84 2614 104 2637 ι
140 2596 243 2640 enim
275 2595 449 2655 decipiet
481 2609 550 2654 per
583 2596 872 2655 philosophiam
905 2606 944 2641 et
966 2597 1120 2641 inanem
1137 2597 1333 2641 fallaciam
1367 2594 1584 2652 discipulos

83 2672 103 2696 ι
137 2654 345 2712 piscatoris
376 2669 508 2698 eorum
541 2654 760 2699 doctrinam
792 2666 1019 2712 sequentes;
1054 2657 1184 2700 omnia
1216 2656 1321 2698 enim
1353 2663 1583 2710 argumenta

82 2731 103 2755 ι
138 2713 412 2772 disputationis
453 2713 621 2757 callidae
666 2723 785 2772 atque
819 2715 1030 2771 fluctivaga
1065 2716 1163 2759 intra
1194 2726 1327 2757 eorum
1365 2713 1462 2755 retia
1491 2720 1584 2755 suut

78 2770 214 2817 collisa
250 2790 267 2814 υ
302 2770 361 2816 Ex
392 2771 533 2830 quibus
568 2779 709 2830 patet,
747 2772 962 2816 Honorium
997 2774 1103 2831 loqui
1155 2780 1289 2816 contra
1313 2770 1481 2827 aliquam
1506 2770 1581 2813 ho-

80 2832 222 2876 minum
253 2840 400 2875 sectam
432 2831 499 2888 qui
532 2830 581 2874 de
638 2829 780 2875 Christi
815 2832 963 2875 naturis
988 2867 998 2884 ‚
1033 2846 1243 2891 earumque
1276 2828 1592 2890 proprietatibus

81 2891 323 2949 disputarent
353 2890 394 2936 in
424 2902 586 2936 numero
618 2890 793 2948 pondere
814 2898 855 2937 ct
885 2905 1080 2938 mensura.
1355 2948 1433 3022 ἕο
